1552 2398
102 36 248 81 xxvx
266 33 336 92 9⁷]
564 38 656 78 DE
689 38 990 79 AMICITIA.
1394 52 1444 92 5⁷

104 123 336 176 multiplex?
362 123 471 174 Quid
490 123 597 164 enim
616 132 846 176 potestesse
865 132 946 165 tam
965 126 1148 174 flexibile,
1170 134 1252 167 tam
1272 127 1445 176 devium,
1466 129 1517 169 93

103 199 226 240 quam
254 187 412 228 animus
448 187 543 238 eius,
578 189 645 240 qui
673 189 726 230 ad
757 189 918 230 alterius
948 203 1030 230 non
1058 191 1181 230 modo
1208 204 1369 231 sensum
1398 205 1447 231 ac

102 253 362 303 voluntatem,
381 254 452 294 sed
471 254 590 294 etiam
609 255 759 294 voltum
777 264 897 306 atque
915 265 1055 295 nutum
1074 256 1341 296 convertitur?

155 345 285 395 Noeat
296 346 396 395 quis,
414 358 521 396 mxv,-
546 346 615 392 ait,
634 347 718 392 aio:
737 352 925 397 postremo
943 348 1134 398 imperavi
1147 354 1281 400 &umet
1296 350 1397 388 mihi

67 430 87 457 s
160 411 305 452 Onna:
320 413 520 460 assentari,

101 515 148 551 ut
171 507 229 549 nit
254 507 363 549 idem
390 509 612 558 Terentius,
632 510 703 550 sed
731 509 797 550 ille
825 509 866 550 in
892 509 1117 550 Gnathonis
1135 523 1316 562 persona,
1335 513 1445 563 quod

101 573 220 615 amici
245 586 371 626 genus
397 574 585 615 adbibere
614 574 781 614 omnino
809 574 979 614 levitatis
1012 583 1081 614 est.
1153 575 1271 615 Multi
1307 585 1443 615 autem
1463 575 1516 614 94

103 638 364 680 Gnathonum
383 638 541 688 similes,
562 652 654 678 cum
683 638 760 678 sint
789 639 879 679 loco
907 639 1063 678 fortuna
1083 639 1187 678 sama
1211 640 1441 691 superiores,

101 715 271 756 quorum
299 711 361 744 δὲ
386 703 601 744 assentatio
628 704 807 751 molesta,
836 716 927 743 cum
954 704 1007 743 ad
1035 705 1250 743 vanitatem
1277 704 1444 744 accessit

50 787 86 807 κ.
101 769 324 809 auctoritas.
380 767 540 808 Secemi
566 775 700 807 autem
729 768 900 807 blandus
927 767 1078 807 amicus
1103 781 1127 806 a
1149 781 1242 808 vero
1264 776 1303 807 et
1331 768 1445 808 inter·
1463 768 1514 807 95

102 832 215 874 nosci
239 841 322 873 tam
344 842 475 885 potest
496 832 676 872 adhibita
702 832 917 884 diligentia,
939 845 1059 883 quam
1087 831 1220 871 omnia
1246 833 1377 884 fucata
1403 841 1443 872 et

101 896 283 938 simulata
308 910 334 937 a
358 897 520 939 sinceris
543 905 664 948 atque
689 897 801 937 veris.
859 897 1019 945 Contio,
1039 910 1141 948 quae
1168 910 1219 937 ex
1240 897 1445 949 imperitis-

101 961 213 1003 simis
230 952 405 1010 constat,
418 970 552 1001 tamen
578 961 751 1001 iudicare
770 962 882 1010 solet,
902 956 1000 1013 quid
1027 961 1178 1001 intersit
1200 961 1302 1002 inter
1319 974 1444 1013 popu·

101 1028 236 1076 larem,
254 1025 297 1066 id
321 1035 382 1067 ωε
408 1034 692 1066 assentatorem
711 1034 753 1066 et
771 1027 899 1067 levem
918 1025 1060 1074 civem,
1080 1034 1119 1066 et
1138 1026 1240 1066 inter
1257 1035 1442 1066 constan-

49 1112 83 1138 ις
99 1100 180 1133 tem
197 1099 238 1132 et
255 1103 392 1132 verum
410 1099 449 1131 et
463 1104 631 1142 gravem
663 1090 818 1141 Quibus
830 1090 1034 1131 blanditiis
1052 1091 1098 1132 C-
1122 1090 1299 1142 Papirius
1317 1103 1442 1142 nuper
1460 1090 1511 1130 96

101 1157 289 1199 influebat
317 1157 359 1197 in
389 1157 494 1197 auris
524 1157 734 1205 contionis,
759 1151 855 1196 'cum
887 1158 1001 1197 ferret
1030 1157 1159 1208 legem
1191 1158 1242 1198 de
1274 1156 1441 1197 tribunis

100 1221 228 1276 plebis
253 1221 495 1262 reficiendis!
551 1221 822 1261 Dissuasimus
848 1234 940 1261 nos:
969 1221 1040 1260 sed
1066 1220 1165 1261 nihil
1201 1222 1253 1261 de
1281 1234 1358 1270 me,
1386 1222 1439 1261 de

98 1285 286 1338 Scipione
310 1285 442 1325 dicam
469 1284 667 1324 libentius.
732 1285 892 1334 Quanta
920 1284 987 1332 illi,
1016 1284 1059 1324 di
1086 1284 1338 1332 immortales,
1367 1284 1438 1324 suit

97 1350 279 1404 gravitas,
292 1359 440 1403 quanta
458 1350 499 1390 in
518 1350 698 1390 oratione
718 1349 921 1390 maiestas!
950 1359 993 1389 ut
1008 1349 1122 1390 facile
1140 1350 1283 1390 ducem
1302 1349 1440 1401 populi

44 1434 82 1457 a·
98 1414 284 1464 Romani,
322 1427 404 1455 non
441 1414 630 1455 comitem
667 1413 830 1454 diceres.
906 1415 985 1455 Sed
1022 1413 1199 1462 affuistis,
1232 1422 1273 1454 et
1309 1423 1369 1454 est
1397 1413 1438 1453 in

98 1481 283 1523 manibus
309 1480 447 1522 matio.
506 1481 647 1532 Itaque
675 1480 739 1520 lex
770 1479 968 1532 popularis
999 1478 1189 1531 suffragiis
1220 1478 1356 1530 populi
1383 1492 1439 1519 re·

97 1545 263 1598 pudinu
277 1554 349 1587 est.
378 1547 524 1598 Atque,
538 1554 581 1585 ut
598 1545 652 1586 ad
670 1557 737 1585 me
754 1546 927 1594 redeam,
941 1543 1175 1585 meministis
1190 1544 1239 1594 Q.
1258 1543 1439 1584 Maximo

97 1609 215 1653 snite
230 1609 426 1663 Scipionis
443 1615 485 1651 et
503 1611 548 1651 L.
571 1609 764 1650 Mancino
774 1610 1015 1659 consulibus,
1028 1622 1148 1661 quam
1161 1608 1359 1661 popularis
1373 1609 1439 1649 lex

55 1684 58 1685 ’
98 1675 152 1717 de
177 1674 409 1717 muntiis
435 1675 480 1718 C.
516 1674 646 1715 Licini
679 1673 811 1716 Crassi
842 1674 1069 1723 videbatur5
1095 1673 1297 1725 cooptatio
1328 1674 1436 1713 enim

0 1759 2 1764 ⁷
44 1760 79 1787 ns
95 1738 351 1792 collev'oem
366 1739 422 1780 ad
450 1739 587 1792 populi
611 1739 850 1780 beneficium
875 1739 1190 1779 transferebatur.
1246 1739 1381 1789 Atque
1402 1737 1436 1778 is

97 1802 248 1859 primm
263 1801 431 1845 iristituit
453 1803 496 1844 in
514 1804 642 1844 sorum
661 1816 796 1844 versus
812 1816 930 1855 agere
947 1816 1038 1843 cum
1063 1803 1223 1855 populo.
1280 1804 1436 1843 Tamen

96 1868 201 1911 illim
212 1866 454 1911 vendibilem
470 1869 689 1910 ontionem
703 1868 839 1921 religio
847 1869 1013 1910 deorum
1027 1868 1305 1909 immortalium
1319 1868 1436 1909 nobis

95 1931 404 1976 defendentibus
420 1932 538 1975 facile
554 1932 749 1974 vincebat.
806 1935 940 1985 Atque
964 1932 1006 1973 id
1023 1940 1158 1973 actum
1174 1940 1237 1973 est
1254 1941 1435 1984 praetore

0 2051 2 2054 y
92 1996 714 2052 mquinquennionntequam
732 1999 872 2039 consul
891 2010 978 2038 sum
997 1997 1134 2038 sactus.
1168 1996 1435 2050 Itaremagis

42 2072 219 2132 φεμ
234 2073 392 2105 mmm
407 2061 641 2104 auctoritate
653 2075 774 2103 causa
790 2061 857 2103 illa
875 2062 1038 2102 defensa
1056 2069 1126 2102 est.

21 2179 23 2182 Α
77 2134 148 2180 ’3,.
158 2123 331 2173 XXVI.
386 2124 571 2177 Quodsi
599 2125 642 2166 in
672 2137 804 2176 scena,
834 2125 876 2166 id
902 2124 1031 2166 estin
1058 2124 1257 2172 contione,
1284 2123 1326 2165 in
1353 2124 1503 2177 qmfl'!

43 2202 46 2203 ’
76 2188 216 2241 ἡ*
238 2189 343 2232 sictin
368 2198 409 2232 et
432 2188 677 2233 adumbratis
694 2189 773 2232 loci
799 2189 1010 2243 plurimum
1038 2197 1108 2239 αι,
1137 2196 1272 2231 tamen
1296 2201 1432 2230 verum

0 2267 26 2292 ν.
