1552 2398
93 33 221 75 xxn
239 29 311 88 8³]
556 33 646 73 DE
680 34 979 75 AMICITIA.
1380 48 1429 87 53

91 118 341 172 potissimum
358 118 536 171 diligunt,
556 132 605 160 ex
622 119 766 172 quibus
784 128 942 172 sperant
967 134 1009 161 se
1028 120 1242 161 maximum
1261 122 1430 161 fructum

91 197 180 227 esse
196 192 392 237 mpturos.
425 186 488 225 Ita
506 185 767 237 pulcherrima
786 186 852 225 illa
870 195 910 226 et
928 186 1099 227 maxime
1114 186 1278 226 naturali
1297 195 1429 226 carent
1448 187 1500 226 80

91 249 267 290 amicitia
282 262 355 301 per
371 262 415 289 se
437 258 477 290 et
496 258 656 301 propter
673 262 718 290 se
738 250 921 301 expetita,
942 263 1018 290 nec
1043 250 1118 301 ipsi
1142 249 1216 290 sibi
1245 251 1428 301 exemplo

91 320 195 362 mut,
214 313 313 355 haee
331 314 391 354 vis
410 314 606 354 amicitiae
620 322 660 354 et
679 314 809 365 qualis
835 323 875 354 et
895 323 1044 366 quanta
1062 316 1110 354 sit
1117 329 1130 364 ς
1158 314 1242 365 ipse
1261 314 1366 354 enim
1386 328 1428 354 se

54 399 72 425 ς
89 378 257 431 quisque
283 379 423 431 diligit,
444 393 526 420 non
545 388 588 420 ut
614 380 786 431 aliquam
813 393 838 419 a
865 394 907 420 se
935 380 1019 431 ipse
1049 381 1271 420 mercedem
1299 380 1428 432 exigat

89 443 262 485 caritatis
280 457 387 492 suae,
401 446 472 485 sed
491 446 600 496 quod
629 458 700 497 per
726 459 770 485 se
792 446 959 497 quisque
982 445 1058 486 sibi
1077 459 1191 485 carus
1210 455 1269 486 est
1277 460 1288 495 ς
1315 446 1426 497 quod

88 506 166 548 nisi
181 507 290 548 idem
310 508 350 548 in
369 509 581 549 amicitiam
609 511 872 559 transferetur,
893 523 1007 550 verus
1035 510 1184 550 amicus
1208 523 1425 561 numquam

86 571 319 625 reperietur:
338 583 398 614 est
416 574 524 614 enim
542 574 586 623 is,
607 575 675 626 qui
693 584 754 614 est
773 583 975 626 tamquam
988 577 1086 615 alter
1104 575 1222 616 idem.
1261 575 1380 626 Quod
1393 575 1425 614 si
1444 575 1495 614 81

88 637 166 678 hoc
175 646 341 690 apparet
353 639 393 678 in
408 638 544 679 bestiis
556 639 780 679 volucribus
792 640 978 679 nantibus
992 640 1221 691 agrestibus,
1230 639 1425 680 cicuribus

33 722 71 743 a·
85 702 188 752 seris,
206 703 377 755 primum
395 713 440 745 ut
463 717 507 745 se
525 705 633 756 ipsae
653 705 829 757 diligant,
851 705 892 745 id
912 705 1018 746 enim
1038 706 1183 757 pariter
1205 719 1295 745 cum
1315 705 1423 746 omni

85 768 287 810 animante
315 770 497 820 nascitur,
532 771 679 811 deinde
707 780 750 811 ut
777 772 977 823 requirant
1003 780 1125 822 atque
1151 780 1342 824 appetant
1369 774 1422 813 ad

26 826 29 829 ⁵
85 845 186 886 qun
203 846 248 875 se
273 835 474 886 applicent
502 836 681 875 eiusdem
708 837 863 887 generis
891 836 1114 885 animantis,
1135 836 1257 888 idque
1276 837 1423 883 saciant

84 910 177 939 cum
195 899 393 940 desiderio
413 907 453 940 et
471 913 562 939 cum
590 901 762 951 quadam
790 900 1048 941 similitudine
1072 901 1218 941 amoris
1243 901 1418 949 humani,

85 972 239 1015 quanto
255 963 298 1004 id
317 964 442 1016 magis
460 965 501 1004 in
514 965 675 1005 homine
694 966 737 1005 fit
755 976 904 1014 natura,
920 965 989 1016 qui
1008 973 1048 1006 et
1066 979 1109 1006 se
1128 966 1212 1017 ipse
1232 965 1359 1017 diligit
1377 974 1418 1006 et

30 1049 66 1074 ις
82 1029 249 1070 alterum
284 1030 467 1081 anquirit,
500 1030 612 1070 cuius
638 1031 814 1071 animum
849 1032 903 1071 ita
933 1044 1026 1071 cum
1062 1044 1135 1071 suo
1168 1031 1342 1081 misceat,
1377 1039 1421 1071 ut

83 1093 229 1135 efficiat
244 1106 372 1147 paene
391 1108 513 1135 unum
533 1109 581 1135 ex
599 1097 782 1136 duobus!

162 1159 300 1199 xxn.
356 1161 436 1201 Sed
466 1160 644 1212 plerique
673 1174 865 1212 perverse,
898 1175 949 1202 ne
985 1162 1115 1203 dicam
1154 1162 1417 1214 impudenter,
1437 1164 1488 1203 82

81 1222 229 1264 habere
256 1225 376 1264 talem
400 1225 572 1264 amicum
602 1226 751 1273 volunt,
773 1228 910 1277 quales
934 1227 1007 1278 ipsi
1031 1241 1117 1268 esse
1138 1241 1219 1268 uon
1238 1235 1416 1279 possunt,

80 1299 263 1340 quaeque
290 1287 367 1340 ipsi
394 1301 476 1328 non
509 1290 686 1330 tribuunt
714 1290 862 1339 amicis,
892 1292 990 1331 haec
1017 1293 1069 1331 ab
1096 1293 1153 1332 eis
1180 1292 1416 1332 desiderant.

26 1369 63 1391 ιο
79 1350 158 1391 Par
199 1359 263 1392 est
295 1360 430 1392 autem
467 1352 637 1404 primum
674 1353 805 1405 ipsum
852 1368 938 1395 esse
974 1356 1100 1395 virum
1138 1356 1298 1403 bonum,
1335 1364 1419 1396 tum

78 1416 249 1458 altemm
282 1416 453 1458 similem
489 1418 550 1458 sui
586 1431 783 1470 quaerere.
841 1421 891 1459 In
922 1420 1065 1460 mlibus
1095 1434 1154 1467 ea,
1186 1433 1306 1471 quam
1338 1421 1418 1460 iam

78 1481 235 1524 dudum
252 1490 477 1532 nummus,
494 1484 687 1524 stabilitas
705 1484 902 1525 amicitiae
920 1484 1143 1525 confimari
1162 1494 1304 1536 potest,
1324 1498 1417 1525 cum

78 1546 263 1589 bomine·
293 1548 574 1590 benevolentia
604 1549 809 1589 coniuncti
838 1549 1009 1602 primum
1046 1550 1327 1602 cupiditatibus
1359 1551 1416 1591 eis

77 1610 366 1664 quirinum
392 1613 565 1654 serviunt
593 1612 856 1665 imperabunt,
884 1614 1031 1655 deinde
1058 1614 1256 1666 aequitate
1281 1613 1418 1655 iustiti·

24 1687 181 1729 unque
204 1676 438 1730 audebunt
461 1678 675 1730 omniaque
702 1679 803 1719 alter
823 1691 896 1731 pro
919 1680 1045 1719 altero
1071 1678 1259 1730 suscipiet
1285 1691 1415 1731 neque

77 1739 291 1793 quicqum
309 1753 498 1794 umquam
522 1741 599 1783 nisi
626 1743 836 1783 honestum
861 1750 902 1783 et
926 1751 1077 1783 rectum
1101 1744 1199 1783 alter
1222 1743 1274 1783 ab
1292 1744 1416 1784 altero

75 1804 307 1859 postulabit,
322 1817 455 1858 neque
471 1807 601 1848 solum
613 1808 746 1847 colent
764 1806 867 1848 inter
883 1820 926 1847 se
943 1820 992 1847 ac
1010 1807 1185 1859 diligent,
1205 1806 1276 1848 sed
1294 1807 1415 1848 etiam

74 1869 326 1912 vovebantur.
381 1870 490 1912 Nam
516 1871 734 1912 maximum
763 1881 1039 1913 ornamentum
1069 1872 1268 1914 amicitiae
1299 1874 1411 1924 tollit,

75 1933 148 1988 qni
166 1946 217 1976 ex
242 1947 293 1976 ee
310 1935 415 1976 tollit
430 1937 720 1979 memndiam,
779 1939 920 1991 Itaque
938 1939 980 1979 in
1008 1939 1066 1979 eis
1090 1938 1335 1991 perniciosus
1353 1948 1413 1981 est
1431 1940 1483 1980 8³

16 2018 60 2051 ,p
73 2010 193 2051 eaor,
202 1999 274 2052 qui
290 1998 520 2043 existimant
527 2001 736 2044 libidinum
745 2012 1077 2056 peccatorumque
1089 2004 1264 2045 omnium
1277 2012 1412 2057 patere

3 2069 14 2087 ν·
74 2061 120 2107 in
141 2064 319 2107 andria
345 2065 555 2108 licentiam.
610 2067 811 2109 Virtutum
838 2068 1012 2109 amicitia
1034 2069 1204 2110 adiutrix
1228 2082 1253 2110 a
1273 2078 1413 2110 natura

68 2129 172 2178 'ihu
199 2138 274 2181 est,
303 2143 388 2173 non
414 2130 600 2174 vitioeum
628 2145 778 2182 eomes,
811 2141 869 2182 ut,
899 2133 1089 2186 quoniam
1119 2133 1294 2175 solitaria
1328 2147 1411 2175 non

74 2195 418 2248 mvimuad
436 2208 604 2250 eaque
621 2209 778 2239 summa
795 2205 888 2239 sunt
906 2197 1119 2250 pervenire,
1138 2197 1352 2240 coniuncta
1369 2205 1409 2239 et
