1552 2398
140 75 191 115 5ο
670 62 934 103 LAELIUS
1276 58 1406 116 [xlx
1424 61 1476 115 69

145 150 324 191 inferiori.
366 152 493 201 Saepe
512 149 616 190 enim
635 149 892 189 excellentiae
911 149 1106 201 quaedam
1126 155 1230 197 sunt,
1250 146 1378 201 qualis
1394 155 1480 188 erat

139 215 338 266 Scipionis
362 215 400 254 in
429 222 575 262 nostro,
596 222 638 253 ut
664 213 718 253 ita
740 214 884 262 dicam,
909 227 1038 265 grege.
1096 214 1326 265 Numquam
1349 226 1395 254 se
1412 213 1479 253 ille

142 281 266 328 Philo,
276 293 491 331 numquam
501 279 674 331 Rupilio,
684 292 897 330 numquam
914 277 1111 319 Mummio
1124 278 1361 331 anteposuit,
1368 290 1480 319 num·

139 359 258 397 quam
283 345 472 385 inferioris
495 344 643 384 ordinis
668 345 814 384 amicis.
873 345 922 394 Q.
943 357 1037 384 vero
1065 343 1286 384 Maximum
1307 344 1477 390 fratrem,

141 411 339 462 egregium
377 410 502 449 virum
538 409 713 457 omnino,
743 408 817 449 sibi
853 421 1108 460 nequaquam
1135 420 1283 460 parem,
1310 407 1420 460 quod
1447 406 1481 447 is
1516 426 1533 453 ς

140 475 315 515 anteibat
335 483 476 522 aetate,
498 482 698 524 tamquam
719 473 958 524 superiorem
978 473 1134 512 colebat
1158 484 1331 523 suosque
1348 470 1479 512 omnis

70 539 122 579 '10
142 551 212 589 per
230 552 271 577 se
292 551 407 589 posse
422 551 508 577 esse
522 538 734 589 ampliores
746 537 912 577 volebat.
954 537 1074 587 Quod
1089 535 1311 576 faciendum
1326 534 1480 575 imitan-

141 605 317 655 dumque
339 613 396 644 est
415 604 612 651 omnibus
626 611 681 650 ut,
695 603 728 642 si
747 616 866 655 quam
887 602 1164 654 praestantiam
1178 601 1329 642 virtutis
1344 600 1477 653 ingeni

144 670 322 708 fortunae
341 668 544 707 consecuti
565 676 666 715 sunt,
689 667 912 718 impertiant
933 680 980 707 ea
1006 667 1086 706 suis
1105 666 1478 717 communicentque

142 747 233 773 cum
265 733 452 784 proximis
461 747 472 781 ;
499 741 553 778 ut,
573 732 607 771 si
635 732 864 784 parentibus
893 731 973 771 nati
997 731 1074 771 sint
1097 730 1321 780 humilibus,
1339 730 1373 771 si
1394 742 1480 782 pro-
1501 749 1534 769 ιο

142 799 313 850 pinquos
332 799 503 838 habeant
527 798 784 838 imbecilliore
809 799 870 837 vel
899 797 1033 837 animo
1058 798 1121 836 vel
1146 797 1313 844 format,
1340 808 1477 837 eorum

141 871 312 914 augeant
340 876 438 914 opes
466 863 601 913 eisque
630 862 770 902 honori
799 861 877 901 sint
905 871 944 902 et
970 860 1172 912 dignitati:
1199 867 1245 901 ut
1262 859 1304 901 in
1322 859 1477 907 fabulis,

143 926 211 978 qui
240 926 482 978 aliquamdiu
515 935 675 978 propter
704 926 990 976 ignorationem
1022 924 1152 976 stirpis
1181 932 1222 965 et
1250 922 1406 976 generis
1436 923 1478 964 in

143 993 332 1031 famulatu
353 993 519 1039 suerunt,
541 1004 631 1031 cum
650 991 797 1042 cogniti
819 999 909 1030 sunt
929 999 967 1030 et
986 999 1053 1030 aut
1072 990 1238 1031 deorum
1254 998 1324 1030 aut
1341 1001 1478 1042 regum
1518 1035 1523 1039 ,

144 1057 212 1096 filii
232 1057 393 1105 inventi,
409 1057 579 1096 retinent
598 1064 728 1096 tamen
749 1056 950 1096 caritatem
970 1055 1011 1095 in
1030 1063 1218 1107 pastores,
1233 1067 1334 1107 quos
1350 1062 1481 1108 patres
1501 1073 1533 1101 a,

144 1122 290 1161 multos
307 1134 433 1160 annos
453 1133 538 1160 esse
556 1120 762 1160 duxerunt.
811 1120 934 1171 Quod
947 1128 1006 1160 est
1020 1121 1145 1160 multo
1163 1120 1340 1172 profecto
1355 1118 1481 1172 magis

146 1187 186 1226 in
205 1187 307 1227 veris
325 1186 502 1238 patribus
521 1186 715 1237 certisque
735 1186 971 1226 faciendum.
1030 1186 1193 1225 Fructus
1215 1185 1323 1225 enim
1345 1184 1479 1237 ingeni

145 1260 185 1291 et
204 1250 353 1290 virtutis
372 1250 579 1301 omnisque
600 1250 860 1301 praestantiae
882 1258 965 1289 turn
993 1249 1186 1289 maximus
1202 1248 1367 1301 eupiunt,
1385 1260 1479 1290 mm

75 1355 110 1372 ,ἶ
146 1317 186 1358 in
206 1316 428 1369 proximum
447 1327 646 1367 quemque
665 1316 874 1355 confertur.

73 1372 126 1422 ᾗ
227 1382 318 1420 ΧΧ.
376 1381 435 1421 Ut
453 1379 571 1431 igitur
587 1379 637 1427 ei,
657 1378 726 1430 qui
744 1386 835 1419 sunt
854 1378 895 1418 in
907 1377 1103 1419 amicitiae
1113 1377 1482 1430 coniunctionisque
1498 1397 1535 1417 ω

146 1444 437 1486 necessitudine
463 1443 692 1495 superiores
718 1455 935 1494 exaequare
959 1455 1002 1483 se
1026 1455 1118 1482 cum
1143 1441 1391 1483 inferioribus
1413 1442 1482 1483 de·-

147 1512 254 1559 bent‚
289 1509 346 1550 sic
381 1507 583 1548 inferiores
612 1520 694 1547 non
724 1507 860 1547 dolere
889 1519 933 1547 se
962 1520 988 1546 a
1017 1507 1098 1547 suis
1125 1513 1194 1547 aut
1221 1504 1383 1558 ingenio
1410 1510 1482 1547 ant

146 1577 304 1617 fortuna
327 1581 396 1614 aut
421 1573 612 1625 dignitate
637 1571 823 1623 superari.
882 1572 1062 1621 Quorum
1086 1569 1264 1623 plerique
1293 1577 1364 1612 aut
1386 1580 1483 1623 qne·

146 1649 285 1680 runtur
302 1651 458 1690 semper
475 1637 625 1688 aliquid
643 1645 711 1676 aut
733 1636 851 1676 etiam
870 1636 1120 1688 exprobrant,
1145 1647 1275 1688 eoque
1291 1634 1428 1688 unfit.
1443 1634 1480 1677 εἰ

148 1706 293 1746 habere
310 1717 354 1744 se
372 1710 513 1756 putant
530 1702 637 1754 quod
651 1701 826 1743 officiose
845 1710 886 1742 et
898 1701 1027 1742 amice
1041 1709 1081 1742 et
1097 1714 1191 1742 cum
1204 1699 1483 1755 labne-liquo
1499 1720 1535 1748 σε

147 1782 221 1810 suo
252 1769 399 1808 sactum
431 1775 578 1818 queant
596 1766 744 1806 dicere:
781 1764 965 1806 odiosum
996 1777 1092 1806 sane
1119 1777 1245 1817 genus
1274 1764 1481 1807 hominm

147 1832 277 1874 officia
305 1831 638 1884 exprobrantium,
669 1842 772 1882 quae
804 1829 1028 1871 meminisse
1064 1829 1187 1870 debet
1220 1829 1268 1879 is,
1294 1827 1339 1871 in
1360 1831 1481 1883 qm

75 1898 129 1940 ‘12
148 1898 292 1938 collata
310 1905 413 1944 sunt,
433 1908 515 1936 non
533 1906 844 1935 commemorare
862 1893 931 1945 qui
948 1892 1128 1933 contulit.
1161 1892 1297 1944 Quam
1311 1890 1480 1943 obi-n,

148 1972 191 2004 ut
217 1963 267 2010 ei,
287 1961 355 2013 qui
381 1960 600 2012 superiores
618 1967 722 2007 sunt,
743 1957 975 1999 submittere
993 1970 1037 1998 se
1060 1957 1210 1999 debent
1227 1954 1273 1999 in
1292 1954 1480 2007 Q

149 2027 207 2068 sic
228 2025 405 2078 quodam
431 2025 555 2064 modo
580 2022 781 2064 inferiores
804 2022 1004 2063 extollere.
1058 2021 1159 2061 Sunt
1179 2018 1290 2062 enh
1305 2017 1481 2073 ὼ,
1501 2037 1536 2068 1·

148 2089 219 2142 qui
236 2088 423 2129 molestas
441 2086 634 2127 amicitias
652 2085 812 2134 faciunt.
832 2097 925 2126 cum
944 2083 1020 2137 ipsi
1037 2096 1082 2125 se
1104 2080 1309 2125 ommni
1320 2087 1481 2136 punt.

149 2154 259 2207 quod
285 2165 368 2194 non
386 2154 468 2193 sere
485 2150 679 2204 contingit
698 2150 774 2191 nisi
792 2148 861 2197 eis,
881 2148 951 2203 qui
969 2148 1089 2189 etism
1105 2144 1484 2189 Μαι

149 2220 396 2268 arbitrantur,
422 2217 491 2270 qui
519 2218 594 2258 hac
621 2216 811 2270 opinione
839 2228 919 2256 non
948 2213 1072 2255 modo
1096 2210 1241 2263 verbis.
1264 2209 1341 2255 ud
1360 2208 1533 2257 Cha
