1552 2398
107 33 157 84 ⁵⁶
630 31 896 73 MELIUS
1214 29 1448 88 [xxxva

106 118 279 158 Molesta
310 116 463 165 veritas,
493 116 689 168 siquidem
722 130 772 157 ex
798 130 847 158 ea
874 117 1047 158 nascitur
1073 117 1224 168 odium,
1250 118 1363 172 quod
1385 126 1448 161 ent

103 196 300 226 venenum
333 183 528 223 amicitiae
558 184 629 223 sed
662 183 896 234 obsequium
930 184 1056 223 multo
1085 182 1302 234 molestius,
1333 183 1445 237 quod

104 249 277 301 peccatis
300 248 508 300 indulgens
534 249 787 300 praecipitem
812 249 985 288 amicum
1012 248 1100 288 ferri
1129 248 1247 299 sinin
1273 249 1446 291 maxima

103 322 235 353 autem
254 314 371 364 culpa
390 314 429 352 in
449 327 510 361 eo,
531 313 598 364 qui
618 322 659 354 et
678 314 880 353 veritatem
900 322 1130 365 aspernatur
1147 322 1188 355 et
1206 314 1248 355 in
1265 315 1444 358 eandem

104 377 297 428 obsequio
325 378 545 429 impellitur.
603 377 724 418 Omni
750 377 866 428 igitur
893 378 967 417 hac
996 378 1036 417 in
1067 391 1107 419 re
1135 378 1319 420 habenda
1345 379 1446 421 ratio
1482 400 1497 426 3

104 450 144 482 et
171 443 373 493 diligentia
401 451 471 491 est,
501 442 670 494 primum
703 452 745 482 ut
776 442 943 482 monitio
973 442 1199 492 acerbitate,
1225 443 1374 486 deinde
1401 453 1443 486 ut

103 507 324 558 obiurgatio
347 507 589 547 contumelia
608 516 749 547 careat.
809 508 857 547 In
877 507 1071 557 obsequio
1089 515 1234 556 autem,
1253 509 1443 560 quoniam

102 572 343 611 Terentiano
367 572 487 611 verbo
512 572 693 611 lubenter
719 571 875 618 utimur.
896 572 1062 612 comitas
1086 571 1203 621 adsit,
1227 574 1444 615 mutatio

102 637 284 677 vitiorum
313 637 481 677 adiutrix
506 638 643 689 procul
671 646 910 683 amoveatur,
931 650 1032 687 quae
1058 650 1139 677 nou
1158 638 1283 679 modo
1298 638 1441 687 amieo,

102 703 172 742 sed
201 716 251 742 ne
279 702 403 742 libero
430 702 592 753 quidem
619 701 741 753 digna
769 711 846 749 est;
873 702 985 741 aliter
1012 701 1118 741 enim
1145 714 1235 742 cum
1261 709 1441 754 tyranno,
1463 723 1496 743 ιο

34 767 85 806 90
105 767 216 807 aliter
233 781 325 807 curn
345 767 475 807 amico
493 766 643 807 vivitur.
687 767 813 807 Cuius
831 775 963 806 autem
983 779 1097 806 aures
1114 767 1272 808 clausae
1289 766 1441 808 veritati

102 841 204 879 sunt,
226 839 269 871 ut
287 832 337 872 ab
357 832 488 871 amico
505 844 640 871 verum
665 831 801 870 audire
829 838 1012 881 nequeat,
1035 829 1150 870 huius
1177 831 1284 871 salus
1302 832 1442 884 despe-

102 898 225 936 randa
242 905 313 936 est.
370 896 521 936 Scitum
541 905 601 936 est
620 896 726 936 enim
748 896 843 935 illud
863 894 1040 943 Catonis,
1061 904 1104 935 ut
1132 895 1274 937 multa:
1300 896 1442 938 melius

102 963 154 1001 de
173 961 408 1012 quibusdam
427 962 590 1001 acerbos
609 960 789 1000 inimicos
808 960 958 1008 mereri,
978 974 1098 1011 quam
1117 972 1188 1001 eos
1196 960 1440 1014 amicoqqffl

101 1026 239 1065 dulces
267 1025 472 1065 videantur
480 1039 492 1074 ;
518 1024 606 1065 illos
635 1038 769 1064 verum
798 1037 917 1076 saepe
945 1025 1088 1074 dicere,
1107 1025 1182 1066 hos
1207 1037 1439 1078 numquam.
1460 1046 1493 1074 ις

101 1092 234 1141 Atque
254 1090 350 1131 illud
367 1090 594 1137 absurdum,
608 1090 716 1141 quod
729 1090 777 1137 ei,
790 1090 859 1141 qui
879 1099 1100 1138 monentur,
1111 1102 1200 1131 eam
1218 1091 1440 1133 noiatim

101 1168 221 1206 quam
249 1156 398 1195 debent
425 1168 566 1207 capere
594 1168 676 1196 non
704 1156 877 1207 capiunt,
898 1169 986 1195 eam
1001 1155 1164 1207 capiunt
1182 1167 1265 1208 qua
1289 1156 1439 1199 debent

100 1232 251 1260 vacare.
309 1221 503 1260 Peccasse
522 1218 629 1259 enim
654 1232 696 1259 se
716 1232 797 1259 non
822 1229 1030 1271 anguntur,
1050 1218 1249 1272 obiurgari
1271 1221 1440 1264 molente

100 1285 246 1325 serunt:
283 1285 396 1336 quod
426 1292 564 1324 contra
595 1285 803 1336 oportebat
840 1285 988 1325 delicto
1019 1285 1166 1335 dolere,
1194 1285 1439 1328 woeetime

101 1350 285 1402 gaudere.
1455 1373 1492 1394 n

29 1414 80 1454 01
182 1414 312 1454 XXV.
370 1414 429 1455 Ut
459 1412 576 1465 igitur
612 1422 652 1453 et
679 1426 852 1467 monere
883 1421 925 1453 et
957 1413 1110 1454 moneri
1140 1413 1342 1467 propium
1375 1423 1439 1458 eat

99 1492 215 1520 verae
232 1478 442 1527 amicitiae,
462 1487 503 1518 et
520 1480 685 1518 altemm
705 1478 826 1519 libere
844 1479 984 1527 faeere,
1005 1491 1087 1519 non
1103 1490 1256 1531 aspere,
1271 1480 1438 1521 dmum

99 1544 293 1597 patienter
305 1544 495 1596 accipere,
511 1557 593 1583 non
612 1552 885 1595 repugnanter,
900 1543 957 1583 sic
975 1543 1205 1584 habendum
1215 1553 1277 1586 eat
1289 1545 1438 1588 mihin

100 1610 141 1650 in
158 1609 341 1650 amicitiis
359 1618 511 1661 pestem
530 1622 617 1649 esse
635 1608 837 1656 maiorem,
857 1621 976 1660 quam
1000 1608 1269 1650 adulationem
1285 1609 1439 1653 blaudi-

98 1675 194 1716 tiam
211 1674 537 1715 assentationem:
567 1673 746 1725 quamvis
764 1673 871 1713 enim
890 1672 1023 1714 multis
1042 1673 1343 1717 nominibmen
1357 1674 1439 1720 hoc
1452 1694 1490 1724 ιι

96 1738 235 1779 vitium
250 1738 469 1779 notandum
488 1737 631 1778 levium
646 1737 852 1778 hominum
869 1745 990 1790 atque
1007 1738 1217 1787 fallacium,
1229 1738 1286 1781 ad
1300 1739 1438 1792 volup·

28 1804 80 1845 92
98 1811 219 1845 tatem
247 1802 494 1855 loquentium
522 1802 668 1851 omnia,
697 1802 795 1843 nibil
820 1802 874 1843 ad
897 1801 1113 1843 veritatem.
1137 1852 1139 1854 ,
1170 1802 1279 1844 Cum
1297 1811 1439 1849 m

97 1868 276 1910 omnium
312 1880 441 1908 rerum
473 1867 671 1908 simulatio
702 1866 844 1907 vitiosa
871 1875 943 1915 eat,
973 1867 1074 1907 tollit
1101 1866 1212 1908 enim
1239 1865 1439 1913 iudid-

95 1932 179 1975 νει-ἰ
203 1932 322 1983 idque
348 1932 554 1981 adulterat,
574 1939 659 1972 tum
684 1931 882 1974 amicitiae
899 1940 1091 1984 repugnat
1108 1929 1304 1986 matjau,-
1323 1930 1438 1980 dd}
1490 1957 1497 1965 .

98 1997 206 2038 enim
225 1996 440 2045 veritatem,
461 1995 547 2037 sine
565 2009 646 2068 qua
662 2009 810 2038 nomeu
828 1994 1025 2037 amicitiae
1044 1997 1436 2053 meretum
1451 1994 1493 2052 ,ι’
1515 1996 1552 2046 *³⁵3

98 2061 204 2102 Nam
230 2072 321 2099 cum
347 2059 543 2101 amicitiae
570 2060 629 2100 vis
654 2059 707 2102 ait
730 2059 774 2101 in
799 2072 862 2110 eo,
880 2067 924 2101 ut
942 2073 1047 2101 unua
1061 2057 1185 2113 quad
1334 2106 1343 2113 K
1439 2077 1440 2080 ¹

96 2138 144 2166 ex
163 2124 357 2177 pluribus,
384 2124 453 2176 qui
473 2125 512 2165 id
532 2125 613 2166 fieri
632 2123 786 2178 poterit,
805 2124 840 2165 ai
863 2136 916 2166 ne
934 2123 976 2164 in
994 2136 1076 2166 uno
1254 2114 1261 2123 Ἰ

97 2199 200 2228 unua
216 2185 381 2228 animus
406 2185 481 2227 erit
505 2185 692 2239 idemque
715 2198 882 2239 temper,
900 2185 972 2227 ned
995 2185 1125 2229 varim
