1552 2398
124 69 172 109 52
651 56 917 97 LAELJUS
1269 52 1391 111 [xm
1409 57 1461 107 γε

124 147 344 197 Erumpunt
363 157 481 196 saepe
501 143 595 184 vitia
612 144 830 185 amicorum
850 151 934 184 tum
954 142 995 183 in
1015 142 1122 195 ipsos
1140 142 1303 194 amieos,
1321 150 1407 184 tum
1419 143 1461 184 in

121 210 286 257 alienos,
307 222 474 261 quorum
493 216 627 249 tamen
650 209 701 248 ad
721 208 871 248 amicos
893 209 1091 248 redundet
1116 207 1287 248 infamia.
1342 208 1463 249 Tale·

122 275 239 327 igitur
249 275 443 315 amicitiae
458 283 548 314 sunt
567 274 798 315 remissione
818 287 910 314 usus
922 275 1117 315 eluendae
1135 281 1186 323 et,
1202 282 1247 316 ut
1265 275 1463 316 Catonem

123 340 255 380 dicere
291 340 435 387 audivi,
467 340 703 379 dissuendae
740 340 866 390 magis
902 352 1021 390 quam
1060 339 1357 388 discindendae,
1386 338 1462 379 nisi

123 405 319 456 quaedam
349 404 568 444 admodum
597 403 853 444 intolerabilis
882 402 1020 443 iniuria
1047 402 1245 452 exarserit,
1263 410 1308 443 ut
1334 416 1465 456 neque
1499 422 1516 449 ς

124 477 274 508 rectum
303 481 434 519 neque
461 469 671 508 honestum
701 468 750 508 sit
779 481 853 508 nec
881 467 964 508 fieri
992 469 1114 519 possit
1146 475 1191 508 ut
1219 481 1302 509 non
1332 467 1464 509 statim

54 535 105 575 '77
125 534 312 575 alienatio
339 534 632 586 disiunctioque
658 524 840 574 facienda
868 534 928 574 sit.
985 533 1053 574 Sin
1072 540 1206 574 autem
1223 541 1291 573 aut
1308 546 1464 575 morum

126 608 193 640 aut
213 600 433 640 studiorum
453 599 713 640 commutatio
732 600 943 651 quaedam,
964 608 1007 638 ut
1028 598 1110 639 fieri
1129 599 1239 649 solet,
1260 600 1363 640 sacta
1379 598 1463 649 erit,

126 674 194 705 aut
221 665 261 704 in
290 665 345 705 rei
373 665 555 717 publicae
582 665 758 717 partibus
787 665 983 705 dissensio
1011 664 1467 718 intercesserit-loquor

127 728 233 768 enirn
264 728 354 777 iam,
388 737 431 769 ut
463 730 583 780 paulo
611 738 704 768 ante
732 729 827 776 dixi,
856 741 939 769 non
967 729 1018 769 de
1045 728 1279 781 sapientum,
1306 730 1379 771 sed
1414 731 1467 772 de
1487 751 1520 770 ιο

126 794 405 834 communibus
435 793 893 834 amicitiis—cavendum
924 793 997 833 erit
1026 807 1078 834 ne
1107 806 1188 834 non
1217 794 1346 835 nolum
1372 794 1468 835 ami·

126 859 243 899 citiae
271 859 490 910 depositae,
510 859 581 898 sed
611 858 730 898 etiarn
759 858 988 898 inimicitiae
1015 865 1223 910 susceptae
1248 857 1463 900 viduatur.

129 923 237 963 Nihil
257 923 364 963 enim
384 931 444 963 est
463 923 612 974 turpius
632 935 751 975 quam
769 935 861 962 cum
883 935 934 962 eo
954 923 1102 962 bellum
1127 934 1274 974 gerere,
1292 935 1466 975 quocum

129 989 370 1029 familiariter
387 989 539 1029 vixeris.
596 989 660 1029 Ab
679 987 853 1028 amicitia
873 988 922 1038 Q.
945 987 1112 1039 Pompei
1131 1000 1225 1028 meo
1243 987 1406 1029 nomine
1422 1001 1468 1029 se

128 1061 358 1101 removerat,
388 1061 431 1093 ut
463 1052 581 1101 scitis,
616 1052 750 1104 Scipio
757 1067 769 1102 ς
807 1061 969 1103 propter
999 1051 1292 1092 dissensionem
1322 1059 1469 1103 antem,
1489 1072 1520 1099 ι,

130 1131 231 1169 quae
250 1126 332 1158 erat
350 1118 390 1158 in
410 1131 451 1158 re
470 1118 641 1170 publica,
655 1117 848 1158 alienatus
864 1118 1121 1169 estacollega
1134 1125 1271 1158 nostro
1283 1118 1467 1160 Metello:

129 1190 338 1234 utrumque
357 1181 436 1233 egit
454 1182 621 1233 graviter
637 1195 686 1222 ac
704 1182 909 1222 moderate
928 1189 967 1222 et
991 1181 1212 1222 offensione
1230 1179 1353 1222 animi
1386 1193 1471 1223 non

59 1247 111 1286 78
130 1248 282 1287 acerba.
340 1248 470 1298 Quam
497 1249 551 1287 ob
578 1260 661 1288 rem
689 1247 861 1319 primurn
889 1247 1026 1287 danda
1051 1259 1175 1299 opera
1199 1253 1262 1288 est
1286 1259 1340 1288 ne
1365 1259 1470 1300 quae

130 1310 345 1351 amicorum
360 1311 526 1352 discidia
538 1313 653 1352 fiant:
673 1311 733 1351 sin
746 1312 826 1351 tale
839 1311 989 1363 aliquid
1002 1310 1239 1360 eveneritmt
1252 1310 1470 1353 exstinctae

131 1377 263 1428 potius
281 1376 476 1417 amicitiae
495 1390 614 1429 quam
634 1390 848 1429 oppressae
866 1390 955 1418 esse
973 1376 1191 1418 videantur.
1238 1376 1472 1419 Cavendum
1489 1397 1525 1418 ιο

130 1456 225 1484 vero
243 1457 295 1483 ne
314 1442 432 1483 etiam
447 1443 487 1483 in
506 1442 633 1495 gravis
652 1442 876 1483 inimicitias
888 1450 1121 1483 convertant
1137 1454 1182 1483 se
1198 1441 1407 1493 unicitioe,
1418 1454 1471 1484 ex

131 1507 275 1559 quibus
294 1507 418 1559 iurgia
434 1508 643 1548 maledicta
661 1506 925 1547 contumeliae
942 1506 1164 1559 gignuntur.
1203 1506 1319 1558 Quae
1333 1513 1470 1549 nmen

132 1572 166 1613 si
202 1572 425 1613 tolerabiles
461 1579 587 1621 erunt,
625 1572 811 1612 serendae
849 1579 942 1612 sunt
977 1579 1019 1612 et
1062 1570 1128 1612 hic
1173 1571 1304 1613 hono·
1346 1570 1472 1614 veteri
1541 1592 1552 1609 ε

132 1637 329 1679 amicitiae
348 1637 591 1686 tribuendus,
610 1645 655 1678 ut
680 1637 713 1678 is
732 1637 773 1677 in
793 1637 912 1689 culpa
938 1635 990 1677 sit
1007 1635 1075 1693 qui
1094 1635 1225 1687 saciat,
1242 1647 1328 1678 non
1350 1634 1388 1679 i}
1402 1635 1474 1698 (μί

132 1703 307 1756 patiatur
324 1702 515 1743 iniuriam.
1489 1717 1527 1750 q

216 1768 395 1810 Omnino
422 1767 601 1809 omniurn
620 1768 761 1808 horum
781 1766 965 1808 vitiorum
990 1774 1111 1820 atque
1128 1765 1473 1811 incommodum

134 1845 215 1873 una
233 1833 367 1873 cautio
385 1839 446 1873 est
464 1840 585 1884 atque
610 1845 690 1872 una
715 1831 900 1884 provisio,
920 1838 964 1871 ut
987 1843 1039 1871 ne
1064 1830 1183 1872 nimis
1206 1830 1289 1873 cito
1310 1830 1475 1884 diliflue
1535 1866 1539 1870 ,

64 1899 117 1941 ⁸1⁹
137 1898 327 1950 incipiant
363 1910 464 1938 neve
501 1910 582 1938 non
620 1897 774 1949 dignos.
833 1894 955 1947 Digni
992 1903 1124 1937 autern
1160 1901 1254 1937 sunt
1286 1892 1473 1946 effi.

137 1964 281 2016 quibus
308 1963 349 2003 in
378 1962 474 2015 ipsis
495 1962 598 2003 inest
619 1974 741 2003 causa
764 1974 835 2002 cur
855 1959 1087 2012 diligantur:
1113 1971 1242 2001 rurum
1264 1967 1415 2014 gum?
1429 1966 1479 2003 ‘ek
1541 1969 1552 1981 ‘⁷

136 2027 297 2080 quidem
317 2027 452 2067 omnia
476 2027 676 2079 praeclara
693 2038 790 2075 rara,
810 2037 887 2066 nec
910 2023 1126 2077 quiequam
1143 2022 1342 2067 diffidun-
1354 2033 1479 2079 qm
1492 2043 1552 2083 n„

135 2091 303 2144 reperire
322 2091 431 2143 quod
451 2091 502 2131 sit
520 2089 957 2143 omniexparteinsuo
969 2088 1378 2142 generem
1390 2088 1477 2132 Sed

136 2155 313 2209 plerique
340 2167 472 2207 neque
499 2154 542 2196 in
569 2155 688 2197 rebus
715 2153 899 2195 humanis
916 2152 1129 2206 quicquan
1150 2150 1304 2197 bom
1326 2160 1478 2197 m

134 2218 213 2261 nisi
239 2218 349 2272 quod
377 2219 618 2261 fruemomm
646 2216 946 2269 tinetamicos
972 2213 1531 2270 mmmmm

1386 2375 1399 2398 33
1431 2356 1468 2398 {A
1508 2350 1552 2398 §⁴⁴12
