1514 2404
0 0 128 118 {zv
143 54 216 113 μ]
516 56 605 95 DE
638 54 934 95 AMJCJTM.
1346 67 1391 104 3¹

0 144 431 232 ῗζυςμαιοοεᾶοῐε
458 142 652 184 moriendi
671 150 804 183 autem
834 155 993 182 sensum
1022 140 1199 182 celeritas
1224 141 1395 181 abstulit.

64 210 160 262 Qu
176 209 230 251 de
245 221 388 262 genere
402 208 538 249 mortis
557 207 715 247 difficile
734 207 842 247 dictu
862 213 941 251 est;
968 205 1064 256 quid
1077 205 1258 244 homines
1278 205 1398 255 suspi-

0 277 7 315 ζ’
66 282 208 317 centur
225 273 386 314 videtis.
413 274 492 313 hoc
518 286 609 312 vere
635 281 768 312 tamen
795 271 886 311 licet
911 270 1053 318 dicere,
1077 272 1118 310 P.
1149 269 1323 322 Scipioni
1351 283 1398 310 ex

64 337 199 379 multis
209 336 364 385 diebus,
371 349 473 388 quos
487 335 527 375 in
539 335 619 375 vita
632 334 908 374 celeberrimos
921 333 1235 383 laetissimosque
1247 333 1396 380 viderit,

0 405 55 450 'lu-⁸
66 401 177 443 inum
190 400 297 443 diem
311 400 566 440 clarissimum
581 398 709 446 fuisse,
725 412 816 438 curn
831 406 968 438 senatu
988 397 1150 437 dimisso
1169 398 1333 437 domum
1345 411 1400 437 re-

0 470 6 483 '
64 464 485 515 duomandvoeperum
499 469 558 502 est
568 476 592 502 a
606 462 778 513 patribus
790 461 1031 512 conscriptis,
1041 462 1189 512 populo
1202 462 1398 509 Romano,

0 527 10 551 :¹
66 528 185 570 sodis
210 536 253 570 et
278 527 444 576 Latinis,
463 526 589 578 pridie
608 539 727 577 quam
753 525 919 566 excessit
939 539 961 565 e
980 526 1070 573 vita,
1091 534 1134 564 ut
1153 538 1200 565 ex
1219 534 1300 565 tam
1318 527 1398 564 alto

0 601 3 604 ’
65 592 268 646 dignitatis
291 593 415 645 gradu
441 593 494 631 ad
522 604 685 642 superos
712 590 891 630 videatur
918 590 1016 630 deos
1044 589 1174 640 potius
1201 602 1320 640 quam
1347 591 1399 630 ad

0 695 2 697 .
66 658 213 700 inferos
227 657 463 710 pervenisse.

6 745 51 771 Vn-
146 723 219 764 IV.
275 723 418 774 Neque
436 722 542 762 enim
560 721 761 762 adsentior
779 721 847 768 eis,
868 720 935 772 qui
954 734 1079 772 nuper
1096 721 1194 760 haec
1213 719 1399 760 disserere
1421 719 1469 758 13

66 794 397 840 ωεραυηῄειιω
408 786 637 838 corporibus
656 786 772 826 simul
790 785 943 825 animos
961 785 1116 824 interire
1128 793 1247 835 atque
1266 783 1401 823 omnia

67 859 196 892 mone
223 850 356 892 deleri.
414 851 509 890 Plus
537 850 643 903 apud
675 863 740 890 me
768 849 1018 901 antiquorum
1046 848 1256 888 auctoritas
1283 849 1396 895 valet,

0 940 5 960 ε
67 917 132 958 vel
148 923 372 959 nostrorum
390 916 595 963 maiorum,
616 915 685 966 qui
699 915 863 956 mortuis
884 923 963 954 tam
982 914 1163 966 religiosa
1181 913 1263 953 iura
1282 913 1399 953 tribu·

67 990 195 1032 erunt,
212 983 323 1035 quod
341 994 422 1022 non
441 981 624 1022 fecissent
642 981 831 1032 profecto,
860 980 892 1019 si
916 979 1012 1019 nihil
1037 979 1089 1018 ad
1114 992 1183 1019 eos
1205 978 1399 1030 pertinere

0 1064 51 1094 »s
67 1045 353 1095 arbitrarentur,
372 1046 435 1086 vel
462 1058 599 1086 eorum
627 1044 695 1095 qui
723 1044 762 1084 in
791 1045 865 1084 hae
893 1051 994 1084 terra
1020 1044 1175 1083 suerunt
1202 1055 1400 1095 magnam-

0 1119 2 1135 ³
23 1119 26 1125 ’
69 1123 150 1163 que
174 1110 394 1159 Graeciam,
422 1123 525 1162 quae
546 1123 652 1149 nunc
678 1109 840 1161 quidem
866 1110 997 1149 deleta
1023 1117 1094 1157 est,
1115 1116 1200 1148 tum
1223 1108 1398 1154 florebat,

63 1174 256 1217 institutis
272 1182 313 1215 et
328 1174 546 1226 praeceptis
564 1174 643 1213 suis
666 1173 903 1222 erudierunt,
922 1174 983 1213 vel
1002 1172 1096 1221 eius,
1118 1172 1186 1223 qui
1204 1172 1399 1223 Apollinis

68 1240 229 1284 omullo
251 1238 560 1292 sapientissimus
585 1247 645 1279 est
669 1238 875 1286 iudicatus,
897 1238 964 1290 qui
992 1251 1074 1278 non
1102 1246 1188 1278 tum
1213 1238 1291 1277 hoc
1314 1245 1398 1278 tum

30 1332 33 1334 v
67 1302 179 1354 itmd,
206 1311 252 1345 ut
279 1303 322 1344 in
343 1303 553 1356 plerisque,
582 1304 654 1343 sed
685 1303 792 1343 idem
820 1315 985 1354 semper,
1014 1302 1167 1343 animos
1192 1301 1399 1342 hominum

19 1418 26 1422 ,
68 1374 157 1411 ene
173 1369 330 1411 divinos
346 1367 494 1421 cimae,
510 1381 601 1408 cum
619 1381 669 1409 ex
687 1381 851 1420 corpore
875 1366 1143 1416 excessissent,
1163 1367 1331 1408 reditum
1359 1366 1399 1406 in

19 1435 21 1438 ⁴
68 1434 223 1476 eadum
249 1442 383 1487 patere
410 1434 643 1486 optimoque
671 1441 711 1474 et
743 1433 956 1473 iustissimo
987 1432 1132 1484 cuique
1160 1431 1401 1483 expeditissi-

14 1514 18 1515 ’
70 1513 194 1544 num-
251 1500 376 1563 Quod
401 1499 510 1540 idem
537 1498 714 1551 Scipioni
739 1498 958 1547 videbatur,
988 1497 1057 1549 qui
1083 1497 1259 1549 quidem,
1288 1496 1400 1548 quasi
1420 1497 1471 1535 14

67 1564 316 1619 mugiret,
333 1564 539 1617 perpaucis
562 1571 655 1604 ante
679 1571 846 1604 mortem
865 1562 1017 1611 diebus,
1037 1575 1129 1602 cum
1148 1569 1189 1602 et
1208 1560 1343 1601 Philus
1361 1569 1401 1601 et

69 1627 260 1671 Manum
274 1628 432 1670 adesset
450 1636 491 1669 et
508 1627 574 1668 alii
587 1628 731 1679 plures,
746 1634 870 1679 tuque
882 1626 1016 1675 etiam,
1029 1626 1228 1674 Scaevola,
1244 1637 1401 1665 mecum

68 1684 255 1746 ναὶ-ει,
277 1693 451 1737 cidnum
470 1693 652 1736 disseruit
670 1695 723 1735 de
741 1707 783 1735 re
801 1692 971 1746 publioe,
990 1692 1103 1733 cuius
1122 1691 1401 1743 disputationis

14 1751 31 1794 ἦ
68 1757 143 1800 suit
164 1751 384 1801 mm
409 1759 490 1801 sere
517 1759 570 1800 de
595 1757 888 1799 immortalitate
911 1757 1144 1805 animorum,
1165 1769 1267 1808 quae
1293 1768 1337 1796 se
1361 1755 1401 1795 in

68 1820 205 1877 quiete
220 1834 292 1876 per
306 1821 436 1865 visum
453 1836 503 1864 ex
525 1823 713 1863 Africano
731 1822 889 1863 audisse
912 1821 1080 1862 dicebat.
1138 1821 1188 1860 Id
1207 1820 1241 1861 si
1258 1819 1313 1860 ita
1330 1829 1401 1868 est,

14 1885 31 1908 ³
55 1894 122 1933 ἰιι
128 1887 275 1942 optimi
281 1886 480 1948 αιίιιιςιιε
489 1887 646 1929 animus
664 1888 705 1928 in
723 1895 850 1928 morte
866 1886 1051 1927 facillime
1064 1886 1194 1927 evolet
1207 1892 1406 1937 tamquam

31 1963 42 2006 ζ,
62 1964 97 2002 ,ο
107 1938 292 1996 cumdii
307 1951 525 2005 vincli-que
541 1951 729 2004 corporis,
747 1951 814 1992 cui
830 1963 1038 1992 censemus
1061 1962 1218 1990 cunum
1235 1949 1288 1990 ad
1306 1949 1403 1990 deos

31 2021 71 2063 ἠς
129 2015 191 2049 ··’
228 2037 273 2050 -··
301 2015 422 2058 suisne
437 2028 559 2069 quam
577 2015 752 2068 Scipioni
764 2018 784 2056 ?
819 2014 1016 2086 Quocirca
1034 2026 1207 2055 maerere
1224 2013 1302 2055 boc
1319 2013 1403 2055 eius

38 2077 214 2138 [sum
240 2092 379 2123 vereor
400 2092 452 2121 ne
475 2079 599 2121 invidi
624 2079 749 2131 magis
776 2092 897 2131 quam
920 2077 1038 2119 amici
1061 2077 1122 2118 sit.
1177 2077 1248 2119 Sin
1271 2086 1403 2119 autem

68 2141 316 2194 insvexion,
333 2151 379 2185 ut
395 2143 504 2185 idem
526 2143 704 2185 interitus
723 2142 772 2185 sit
790 2143 1011 2184 animorum
1039 2149 1304 2195 etcorporum
1329 2155 1404 2183 nec

44 2206 177 2259 affin
198 2220 341 2252 mnus
370 2212 540 2259 manat,
568 2214 614 2249 ut
640 2207 738 2249 nihil
769 2206 864 2250 boni
891 2214 953 2249 est
978 2206 1020 2248 in
1046 2214 1186 2258 morte,
1213 2206 1272 2249 sic
1297 2215 1403 2249 certe
