1552 2398
101 19 248 83 :x'xlv
264 37 335 95 89]
561 42 651 81 DE
684 41 984 82 AMICITIA.
1388 53 1410 93 5
1415 51 1438 93 ς

103 126 232 182 Sapit
248 129 355 169 enim
374 127 511 169 nescio
528 142 611 181 quo
629 130 753 169 modo
772 142 843 180 per
860 129 1037 169 omnium
1057 129 1157 169 vitas
1175 128 1348 168 amicitia
1366 141 1441 170 nec
1458 129 1512 170 87

101 193 226 234 uuam
242 194 383 234 aetatis
410 194 617 245 degendae
639 194 831 233 rationem
861 194 1005 245 patitur
1031 206 1117 232 esse
1141 202 1341 244 expertem
1366 195 1439 234 sui.

102 257 214 308 Quin
230 258 351 299 etiam
370 258 404 298 si
423 258 512 309 quis
531 258 742 309 asperitate
769 271 818 297 ea
844 267 904 298 est
931 266 972 298 et
997 258 1239 297 immanitate
1266 267 1438 307 naturae,

101 333 336 374 congressus
362 330 407 362 ut
435 322 641 362 hominum
669 322 790 373 fugiat
817 331 936 373 atque
964 322 1103 369 oderit,
1133 323 1290 372 qualem
1322 322 1441 362 fuisse

69 403 84 431 ς
102 385 272 426 Athenis
289 385 503 425 Timonem
523 385 658 425 nescio
676 398 794 436 quem
809 386 1045 436 accepimus,
1063 394 1197 424 tamen
1216 384 1248 423 is
1263 384 1343 436 pati
1358 398 1439 424 non

100 449 238 502 possit,
266 457 311 490 ut
338 463 420 490 non
447 451 628 502 anquirat
655 452 839 502 aliquem,
869 451 977 501 apud
1005 463 1123 501 quem
1152 458 1309 490 evomat
1336 450 1440 489 virus

99 514 324 555 acerbitatis
342 528 446 555 suae.
502 518 634 567 Atque
654 516 730 555 hoc
750 516 919 555 maxime
939 516 1183 563 iudicaretur,
1197 515 1228 554 si
1248 515 1345 566 quid
1363 516 1442 554 tale

99 578 227 632 possit
248 580 489 631 contingere,
509 588 553 620 ut
580 580 721 631 aliquis
749 593 824 619 nos
852 581 952 619 deus
976 593 1024 619 ex
1050 581 1124 618 hac
1147 580 1350 619 hominum
1370 582 1441 620 sre-

100 643 263 696 quentia
279 646 434 685 tolleret
451 653 491 685 et
509 645 551 685 in
576 646 789 686 solitudine
817 645 970 696 uspiam
997 646 1208 684 collocaret
1230 654 1350 696 atque
1371 645 1438 694 ibi,

46 726 80 749 ιο
98 709 355 762 suppeditans
390 710 567 751 omnium
603 724 744 760 rerum,
783 724 881 762 quas
917 719 1056 750 natura
1083 710 1290 759 desiderat,
1320 712 1442 750 abun·

99 773 277 815 danuam
303 783 344 815 et
370 775 541 827 copiam,
569 776 741 816 hominis
768 777 932 816 omnino
959 775 1177 827 aspiciendi
1204 784 1439 827 potestatem

99 838 278 891 eriperet.
337 841 438 891 Quis
455 849 537 880 tam
557 850 659 882 esset
680 842 826 881 ferreus
844 842 913 893 qui
941 854 1027 881 eam
1048 841 1168 880 vitam
1189 841 1286 880 serre
1305 849 1439 891 posset

100 903 246 957 mique
266 917 349 946 non
372 907 541 947 auferret
567 908 736 947 fructum
764 908 1008 959 voluptatum
1037 907 1216 947 omnium
1244 908 1440 947 solitudo?

100 970 249 1010 Verum
273 982 368 1023 ergo
394 971 492 1011 illud
519 980 590 1020 est,
612 963 722 1023 quod
740 985 765 1012 a
783 972 999 1012 Tarentino
1018 972 1202 1023 Archyta,
1222 980 1266 1012 ut
1284 972 1437 1023 opinor,
1456 973 1510 1012 88

46 1052 80 1079 ns
97 1033 179 1074 dici
213 1034 375 1075 solitum
409 1044 566 1076 nostros
602 1050 716 1077 senes
753 1050 1061 1077 commemorare
1097 1036 1230 1077 audivi
1265 1038 1318 1077 ab
1353 1037 1439 1077 aliis

99 1098 262 1141 senibus
277 1100 475 1141 auditum:
503 1100 536 1141 si
564 1102 652 1153 quis
678 1101 719 1142 in
747 1103 900 1142 oeelum
919 1102 1161 1142 ascendisset
1180 1110 1439 1154 naturamque

99 1165 241 1207 mundi
275 1173 319 1207 et
353 1166 685 1219 pulchritudinem
718 1166 889 1207 siderum
926 1167 1198 1219 perspexisset,
1236 1167 1439 1207 insuavem

98 1229 206 1272 inam
241 1229 544 1271 admirationem
577 1231 614 1271 ei
650 1233 744 1281 sore,
778 1245 881 1283 quae
913 1232 1195 1272 iucundissima
1225 1231 1372 1280 suisset,
1405 1231 1438 1271 si

97 1294 273 1348 aliquem
299 1295 364 1335 cui
388 1303 562 1336 narraret
587 1297 799 1337 habuisset.
857 1297 922 1337 Sic
943 1305 1083 1336 natura
1103 1296 1319 1336 solitarium
1340 1296 1437 1336 nihil

45 1377 82 1400 nn
96 1366 206 1402 mat
219 1371 454 1412 semperque
471 1361 524 1400 ad
542 1361 704 1412 aliquod
722 1369 924 1413 tamquam
938 1361 1221 1401 adminiculum
1238 1361 1437 1410 adnititur,

97 1424 209 1477 quod
225 1423 268 1464 in
284 1423 524 1465 amicissimo
542 1437 703 1476 quoque
720 1425 990 1466 dulcissimum
1009 1434 1079 1465 est.

178 1489 333 1530 xxm
388 1489 470 1530 Sed
488 1501 580 1528 cum
598 1497 657 1529 tot
676 1490 797 1541 signis
814 1491 955 1530 eadem
981 1498 1119 1530 natura
1142 1490 1316 1530 declaret
1340 1490 1437 1542 quid

97 1552 194 1595 velit
219 1553 403 1606 anquint
432 1553 642 1602 desideret,
675 1562 808 1594 tamen
838 1554 1156 1595 obsurdescimus
1186 1554 1321 1595 nescio
1355 1568 1438 1607 quo

98 1617 224 1660 modo
252 1629 331 1659 nec
360 1630 420 1667 ea,
449 1631 553 1671 quae
579 1618 630 1659 ab
657 1632 707 1659 ea
732 1632 952 1668 monemur,
980 1619 1173 1659 audimus.
1231 1621 1303 1659 Est
1329 1619 1437 1659 enim

44 1700 81 1728 ιρι
96 1680 228 1723 vatins
242 1689 285 1723 et
300 1681 507 1735 multiplex
521 1695 614 1723 usus
632 1682 828 1723 amicitiae
847 1684 1071 1735 multaeque
1088 1696 1232 1723 causae
1250 1683 1439 1735 suspicio·

99 1757 197 1787 num
217 1744 560 1800 offensionumque
585 1747 741 1795 dantur,
761 1759 859 1799 quas
881 1756 966 1787 tum
990 1747 1147 1795 evitare,
1167 1756 1253 1787 tum
1271 1748 1436 1797 elevare,

80 1817 184 1852 tum
201 1809 302 1852 sene
316 1810 508 1863 capientis
523 1817 595 1852 est.
634 1812 730 1852 Una
747 1811 815 1852 illa
833 1813 1042 1852 subeunda
1058 1820 1117 1852 est
1136 1812 1316 1862 offensio,
1334 1819 1379 1853 ut
1394 1819 1437 1854 et

97 1874 248 1917 militm
263 1874 307 1917 in
321 1874 496 1917 amicitia
510 1884 553 1918 et
570 1877 669 1918 fides
686 1877 915 1919 retineatur:
944 1890 1035 1917 nam
1054 1885 1095 1918 et
1113 1876 1303 1918 monendi
1318 1876 1438 1919 amici

3 1984 18 1991 ,
96 1941 220 1994 ‘ssepe
253 1946 348 1982 nunt
380 1947 423 1982 et
449 1940 694 1995 obiurgandi,
722 1949 763 1982 et
794 1942 895 1982 haec
922 1941 1153 1994 accipienda
1178 1940 1319 1990 amice,
1342 1954 1435 1982 cum

0 1999 292 2061 {sis-benevole
317 2005 427 2047 fiunt.
483 2006 563 2047 Sed
589 2006 726 2048 natio
752 2019 834 2060 quo
860 2008 983 2048 modo
1001 2020 1135 2047 verum
1157 2015 1229 2058 est,
1258 2008 1367 2060 quod
1394 2006 1436 2048 in
1453 2007 1506 2048 8⁹

0 2066 18 2116 Γ
90 2068 253 2117 m
268 2069 469 2117 fimiliaris
486 2082 599 2113 mens
616 2071 731 2113 dicit:

0 2203 15 2221 >¹

0 2231 38 2263 ,ἲρ

16 2275 23 2284 ,,

355 2166 582 2220 obsequiu-
598 2170 747 2220 σπείων,
765 2170 907 2211 ναίω
921 2169 1049 2210 ode‘um
1058 2171 1184 2223 parit.
