1514 2404
87 56 136 99 ,ν
152 53 223 111 ιο]
543 55 634 94 DE
667 54 963 95 AMlCJTJA.
1373 63 1395 100 3
1401 63 1423 100 ³

91 141 275 184 hunnis
291 142 560 193 anteponatis»,
590 140 686 180 nihil
706 148 764 180 est
783 139 889 180 enim
908 147 987 179 tam
1007 146 1168 178 naturae
1187 144 1334 188 aptum,
1347 143 1426 174 tam

93 199 336 247 conveniens
348 206 402 246 ad
416 218 477 246 res
491 206 552 245 vel
567 205 762 244 secundas
773 205 834 244 vel
849 204 1042 243 adversas.
1072 204 1149 243 Sed
1163 202 1238 241 hoc
1258 201 1427 252 primum
1450 200 1499 239 18

92 269 233 319 sentio,
251 269 329 310 nisi
350 269 391 309 in
410 268 525 309 bonis
543 267 755 307 amicitiam
781 281 866 307 esse
885 281 966 307 non
992 280 1133 318 posse:
1162 278 1291 316 neque
1316 265 1357 304 id
1377 265 1428 303 ad

92 332 405 382 vivom'reseco,
438 341 481 373 ut
509 332 576 379 illi,
610 332 678 383 qui
706 333 804 372 haec
830 333 1009 372 subtilius
1037 331 1243 378 disserunt,
1268 331 1430 370 sortasse

67 410 199 447 svere,
225 398 299 439 sed
333 399 385 438 ad
422 410 675 438 communem
714 397 922 437 utilitatem
950 409 1109 448 parum3
1142 403 1286 446 negant
1324 395 1429 434 enim

94 473 334 515 quemquam
353 474 440 502 esse
459 461 583 501 virum
603 462 751 501 bonum
772 461 846 500 nisi
865 461 1093 512 sapientem⁴
1151 459 1207 499 Sit
1232 459 1286 498 ita
1311 472 1429 498 sane:

94 526 169 568 ted
198 539 288 567 enm
317 526 551 579 sapientiam
586 526 898 578 interpretantur,
933 539 1052 577 quam
1089 526 1219 565 adhuc
1256 524 1430 564 mortalis

93 602 221 634 nemo.
232 599 292 632 est
305 600 541 631 consecutus
555 605 567 640 ;
594 604 668 631 nos
685 601 817 631 autem
834 605 891 635 ea.
906 605 1007 643 quae
1021 599 1112 630 sunt
1127 591 1166 629 in
1182 603 1255 630 usu
1272 589 1431 640 vitaque

93 655 310 704 communi,
344 669 427 696 non
463 669 524 703 ea,
557 669 660 707 quae
696 657 894 708 finguntur
923 664 991 695 aut
1025 664 1221 706 optantur,
1252 663 1430 706 spectare

49 737 83 758 κ»
100 718 303 761 debemus.
351 721 580 771 Numquam
601 732 676 771 ego
695 721 824 759 dicam
844 721 890 761 C.
908 719 1143 767 Fabricium,
1166 720 1233 758 Μ’.
1250 718 1427 767 Curium,

95 784 159 827 ¹1⁹1.
178 785 486 834 Coruncanium,
505 799 607 837 quos
626 786 823 837 sapientes
849 786 971 825 nostri
997 785 1164 824 maiores
1189 784 1428 834 iudicabant,

93 849 147 891 nd
166 849 333 891 istorum
361 863 540 890 normam
566 850 686 891 fuisse
714 850 920 902 sapientes.
979 851 1069 900 Qua
1090 864 1132 890 re
1160 849 1233 889 sibi
1258 851 1430 890 habeant

63 915 315 989 sapientiae
333 929 480 957 nomen
499 925 539 957 et
565 916 805 956 invidiosum
831 924 870 956 et
893 917 1118 963 obscurum,
1138 916 1361 955 concedant
1386 923 1430 955 ut

97 980 170 1021 viri
194 980 291 1022 boni
316 980 471 1021 suerint.
529 981 594 1021 Ne
619 980 660 1020 id
688 980 848 1031 quidem
874 980 1042 1029 sacient,
1069 981 1267 1031 negabunt
1295 979 1335 1019 id
1356 979 1430 1019 nisi

42 1065 74 1091 ις
96 1043 263 1096 sapienti
296 1055 413 1096 posse
449 1044 626 1084 concedi.
682 1047 858 1095 Agamus
893 1045 1007 1096 igitur
1045 1044 1192 1096 pingui,
1231 1053 1274 1084 ut
1309 1043 1429 1092 aiunt,
1451 1044 1501 1084 10

95 1107 286 1148 Minerva.
342 1108 422 1159 Qui
451 1107 505 1148 ita
531 1122 574 1148 se
597 1118 746 1160 gerunt,
767 1108 820 1149 ita
844 1109 989 1154 vivont,
1017 1118 1060 1148 ut
1087 1121 1222 1148 eorum
1247 1108 1433 1159 probetur

98 1173 197 1214 fides
214 1172 414 1225 integritas
432 1173 608 1223 aequitas
627 1173 845 1220 liberalitas,
867 1186 939 1213 nec
958 1173 1007 1213 sit
1026 1173 1065 1212 in
1081 1173 1137 1213 eis
1149 1174 1228 1212 ulla
1238 1172 1432 1224 cupiditas

97 1236 223 1278 libido
240 1236 418 1286 audacia,
438 1237 595 1288 sintque
614 1250 756 1289 magna
773 1238 1003 1282 constantia,
1017 1246 1058 1276 ut
1078 1237 1114 1277 ei
1127 1238 1293 1284 suerunt,
1308 1237 1432 1277 modo

95 1314 199 1355 quo·
215 1302 429 1351 nominavi,
450 1303 524 1342 hos
541 1302 644 1343 viros
663 1304 802 1350 bonos,
823 1312 866 1343 ut
891 1302 1012 1342 habiti
1032 1311 1135 1350 sunt,
1156 1302 1211 1341 sic
1230 1302 1347 1342 etiam
1367 1315 1447 1353 ap-⁸

42 1367 306 1420 „pellandos
330 1375 527 1420 putemus,
551 1367 645 1419 quia
673 1377 897 1419 sequantur,
917 1376 1107 1419 quantum
1137 1367 1318 1410 homines
1347 1380 1435 1418 pos-

94 1440 202 1483 sunt,
219 1440 398 1475 naturam
416 1433 607 1484 optimam
627 1433 729 1473 bene
747 1433 903 1472 vivendi
923 1433 1078 1472 ducem.
1126 1432 1190 1472 Sic
1210 1431 1316 1471 enim
1335 1431 1433 1471 mihi

0 1537 3 1548 ἶ
93 1497 314 1552 perspicere
341 1497 491 1546 videor,
519 1498 574 1538 ita
602 1506 716 1538 natos
743 1511 829 1538 esse
857 1511 941 1546 nos»,
970 1506 1014 1538 ut
1041 1497 1142 1537 inter
1170 1496 1299 1537 omnis
1330 1504 1434 1537 esset

52 1563 264 1607 „ciet”
297 1560 508 1616 quaedam,
542 1564 668 1604 maior
702 1574 846 1611 autem,
884 1573 927 1604 ut
963 1563 1131 1615 quisque
1166 1562 1345 1615 proxime
1372 1574 1434 1601 ac-

0 1638 17 1655 *
92 1627 264 1670 oedeoet.
319 1627 462 1679 Itaque
500 1627 606 1668 cives
632 1628 804 1679 potiores
835 1641 954 1680 quam
987 1627 1189 1680 peregrini,
1222 1625 1434 1678 propinqui

40 1712 76 1739 n,
93 1702 218 1745 quan
242 1690 388 1743 alieni3
412 1705 503 1733 cum
527 1692 589 1733 his
619 1693 727 1734 enim
756 1693 968 1733 amicitiam
997 1701 1135 1733 natura
1161 1692 1246 1743 ipsa
1271 1691 1433 1743 peperit,

93 1758 168 1800 ned
183 1770 235 1800 en
249 1769 332 1799 non
347 1758 443 1800 ntis
460 1759 580 1799 habet
591 1758 791 1799 firmitatis.
823 1760 1007 1809 Namque
1022 1758 1099 1798 hoc
1117 1764 1286 1809 praestat
1303 1754 1436 1795 amici·

94 1821 153 1865 tin.
178 1821 471 1876 propinquitati,
503 1823 615 1875 quod
645 1835 694 1864 ex
723 1823 1015 1876 propinquitate
1048 1820 1323 1863 benevolentia
1349 1818 1435 1861 tolli

91 1895 239 1943 potent.
261 1899 315 1930 ex
331 1887 505 1929 amicitia
533 1901 616 1929 non
647 1897 801 1941 potest;
838 1890 992 1929 sublata
1023 1887 1129 1928 enim
1161 1885 1437 1927 benevolentia

19 1957 58 1999 ἶ»
79 1950 289 1997 me
326 1964 475 1994 nomen
516 1954 675 2001 tollitur,
712 1953 1011 2006 propinquitatis
1056 1960 1200 1992 manet.
1276 1952 1435 2003 Quanta
1452 1950 1505 1991 20

24 2019 26 2021 ’
59 2063 61 2066 ,
88 2022 226 2062 ,ιω
242 2015 305 2058 vis
328 2014 524 2058 amicitiae
540 2016 591 2057 sit
608 2030 659 2058 ex
676 2018 753 2057 hoc
778 2017 950 2068 intellegi
973 2016 1142 2056 maxime
1161 2023 1300 2067 potest,
1325 2015 1436 2067 quod

90 2075 331 2127 &binim
354 2081 544 2124 societate
566 2082 721 2135 generis
747 2082 921 2131 humani,
950 2094 1069 2134 quam
1098 2080 1320 2122 conciliavit
1348 2080 1434 2132 ipsa

37 2166 59 2203 χ’,
92 2150 245 2199 Q
260 2146 320 2189 ita
334 2155 536 2189 contracta
552 2160 615 2189 ret
627 2156 688 2190 eet
705 2156 747 2190 et
763 2149 937 2189 adducta
947 2146 988 2187 in
1007 2155 1228 2199 augustum,
1242 2154 1285 2187 ut
1302 2145 1435 2187 omnis

89 2211 436 2257 efflantium
458 2213 562 2255 duos
583 2222 652 2256 aut
676 2212 778 2255 inter
798 2225 948 2267 paucos
972 2212 1205 2266 iungeretur.
1260 2212 1331 2252 VI.
1362 2211 1451 2260 Est·

56 2287 66 2303 ⁸
195 2298 287 2333 ⁸0¹⁴-
1290 2301 1316 2340 3
