<?xml version="1.0" encoding="UTF-8"?>
<!DOCTYPE html PUBLIC "-//W3C//DTD XHTML 1.0 Transitional//EN"
    "http://www.w3.org/TR/xhtml1/DTD/xhtml1-transitional.dtd">
<html xmlns="http://www.w3.org/1999/xhtml" xml:lang="en" lang="en">
 <head>
  <title>
</title>
<meta http-equiv="Content-Type" content="text/html;charset=utf-8" />
  <meta name='ocr-system' content='tesseract 3.04.00' />
  <meta name='ocr-capabilities' content='ocr_page ocr_carea ocr_par ocr_line ocrx_word'/>
</head>
<body>
  <div class='ocr_page' id='page_1' title='image "./mtulliciceronisl00ciceuoft_0041.png"; bbox 0 0 1514 2404; ppageno 0'>
   <div class='ocr_carea' id='block_1_1' title="bbox 107 45 1443 127">
    <p class='ocr_par' dir='ltr' id='par_1_1' title="bbox 107 45 1443 127">
     <span class='ocr_line' id='line_1_1' title="bbox 107 45 1443 127; baseline -0.007 -12"><span class='ocrx_word' id='word_1_1' title='bbox 107 73 175 115; x_wconf 81' lang='lat' dir='ltr'>rx</span> <span class='ocrx_word' id='word_1_2' title='bbox 191 69 263 127; x_wconf 77' lang='lat'>30]</span> <span class='ocrx_word' id='word_1_3' title='bbox 313 45 320 54; x_wconf 77' lang='grc'>’</span> <span class='ocrx_word' id='word_1_4' title='bbox 568 70 658 110; x_wconf 81' lang='lat' dir='ltr'>DE</span> <span class='ocrx_word' id='word_1_5' title='bbox 691 69 987 109; x_wconf 72' lang='lat' dir='ltr'><em>AMICITIA.</em></span> <span class='ocrx_word' id='word_1_6' title='bbox 1394 79 1443 117; x_wconf 84' lang='lat'>37</span> 
     </span>
    </p>
   </div>
   <div class='ocr_carea' id='block_1_2' title="bbox 0 153 1514 2294">
    <p class='ocr_par' dir='ltr' id='par_1_2' title="bbox 0 153 1447 664">
     <span class='ocr_line' id='line_1_2' title="bbox 107 153 1445 212; baseline -0.007 -12"><span class='ocrx_word' id='word_1_7' title='bbox 107 157 271 212; x_wconf 82' lang='lat' dir='ltr'>quidem</span> <span class='ocrx_word' id='word_1_8' title='bbox 302 157 419 210; x_wconf 82' lang='lat' dir='ltr'>quale</span> <span class='ocrx_word' id='word_1_9' title='bbox 447 155 507 206; x_wconf 87' lang='lat' dir='ltr'>sit,</span> <span class='ocrx_word' id='word_1_10' title='bbox 537 156 655 197; x_wconf 87' lang='lat' dir='ltr'>etiam</span> <span class='ocrx_word' id='word_1_11' title='bbox 685 154 727 195; x_wconf 89' lang='lat' dir='ltr'>in</span> <span class='ocrx_word' id='word_1_12' title='bbox 758 155 892 195; x_wconf 88' lang='lat' dir='ltr'>bestiis</span> <span class='ocrx_word' id='word_1_13' title='bbox 924 154 1158 206; x_wconf 90' lang='lat' dir='ltr'>quibusdam</span> <span class='ocrx_word' id='word_1_14' title='bbox 1188 153 1445 193; x_wconf 77' lang='lat' dir='ltr'>animadverti</span> 
     </span>
     <span class='ocr_line' id='line_1_3' title="bbox 107 219 1446 297; baseline -0.005 -32"><span class='ocrx_word' id='word_1_15' title='bbox 107 230 251 297; x_wconf 63' lang='lat' dir='ltr'>potest,</span> <span class='ocrx_word' id='word_1_16' title='bbox 269 236 373 276; x_wconf 86' lang='lat' dir='ltr'>quae</span> <span class='ocrx_word' id='word_1_17' title='bbox 389 236 439 263; x_wconf 87' lang='lat' dir='ltr'>ex</span> <span class='ocrx_word' id='word_1_18' title='bbox 457 236 500 263; x_wconf 89' lang='lat' dir='ltr'>se</span> <span class='ocrx_word' id='word_1_19' title='bbox 519 231 632 263; x_wconf 87' lang='lat' dir='ltr'>natos</span> <span class='ocrx_word' id='word_1_20' title='bbox 650 222 705 262; x_wconf 88' lang='lat' dir='ltr'>ita</span> <span class='ocrx_word' id='word_1_21' title='bbox 721 229 855 261; x_wconf 90' lang='lat' dir='ltr'>amant</span> <span class='ocrx_word' id='word_1_22' title='bbox 873 222 925 261; x_wconf 89' lang='lat' dir='ltr'>ad</span> <span class='ocrx_word' id='word_1_23' title='bbox 943 221 1145 272; x_wconf 85' lang='lat' dir='ltr'>quoddam</span> <span class='ocrx_word' id='word_1_24' title='bbox 1163 228 1319 270; x_wconf 87' lang='lat' dir='ltr'>tempus</span> <span class='ocrx_word' id='word_1_25' title='bbox 1338 227 1376 258; x_wconf 91' lang='lat' dir='ltr'>et</span> <span class='ocrx_word' id='word_1_26' title='bbox 1395 219 1446 258; x_wconf 88' lang='lat' dir='ltr'>ab</span> 
     </span>
     <span class='ocr_line' id='line_1_4' title="bbox 109 283 1445 336; baseline -0.007 -6"><span class='ocrx_word' id='word_1_27' title='bbox 109 287 168 330; x_wconf 76' lang='lat' dir='ltr'>eis</span> <span class='ocrx_word' id='word_1_28' title='bbox 193 286 249 328; x_wconf 81' lang='lat' dir='ltr'>ita</span> <span class='ocrx_word' id='word_1_29' title='bbox 270 294 462 335; x_wconf 86' lang='lat' dir='ltr'>amantur,</span> <span class='ocrx_word' id='word_1_30' title='bbox 482 295 525 327; x_wconf 88' lang='lat' dir='ltr'>ut</span> <span class='ocrx_word' id='word_1_31' title='bbox 546 287 660 326; x_wconf 86' lang='lat' dir='ltr'>facile</span> <span class='ocrx_word' id='word_1_32' title='bbox 685 299 818 327; x_wconf 90' lang='lat' dir='ltr'>earum</span> <span class='ocrx_word' id='word_1_33' title='bbox 847 298 983 325; x_wconf 90' lang='lat' dir='ltr'>sensus</span> <span class='ocrx_word' id='word_1_34' title='bbox 1007 292 1202 336; x_wconf 86' lang='lat' dir='ltr'><strong>appareat.</strong></span> <span class='ocrx_word' id='word_1_35' title='bbox 1259 284 1379 334; x_wconf 90' lang='lat' dir='ltr'>Quod</span> <span class='ocrx_word' id='word_1_36' title='bbox 1404 283 1445 321; x_wconf 89' lang='lat' dir='ltr'>in</span> 
     </span>
     <span class='ocr_line' id='line_1_5' title="bbox 108 349 1445 421; baseline -0.005 -28"><span class='ocrx_word' id='word_1_37' title='bbox 108 351 273 393; x_wconf 82' lang='lat' dir='ltr'>homine</span> <span class='ocrx_word' id='word_1_38' title='bbox 289 352 415 391; x_wconf 77' lang='lat' dir='ltr'>multo</span> <span class='ocrx_word' id='word_1_39' title='bbox 433 359 492 391; x_wconf 83' lang='lat' dir='ltr'>est</span> <span class='ocrx_word' id='word_1_40' title='bbox 510 350 741 399; x_wconf 85' lang='lat' dir='ltr'>evidentius,</span> <span class='ocrx_word' id='word_1_41' title='bbox 761 350 930 421; x_wconf 83' lang='lat' dir='ltr'>primum</span> <span class='ocrx_word' id='word_1_42' title='bbox 955 363 1003 390; x_wconf 87' lang='lat' dir='ltr'>ex</span> <span class='ocrx_word' id='word_1_43' title='bbox 1021 362 1069 389; x_wconf 83' lang='lat' dir='ltr'>ea</span> <span class='ocrx_word' id='word_1_44' title='bbox 1089 349 1247 388; x_wconf 88' lang='lat' dir='ltr'>caritate</span> <span class='ocrx_word' id='word_1_45' title='bbox 1266 361 1368 399; x_wconf 87' lang='lat' dir='ltr'>quae</span> <span class='ocrx_word' id='word_1_46' title='bbox 1387 355 1445 387; x_wconf 89' lang='lat' dir='ltr'>est</span> 
     </span>
     <span class='ocr_line' id='line_1_6' title="bbox 0 414 1445 467; baseline -0.006 -8"><span class='ocrx_word' id='word_1_47' title='bbox 0 420 2 429; x_wconf 59' lang='lat'><em>¹</em></span> <span class='ocrx_word' id='word_1_48' title='bbox 83 417 214 464; x_wconf 62' lang='lat' dir='ltr'>,inter</span> <span class='ocrx_word' id='word_1_49' title='bbox 228 425 343 458; x_wconf 81' lang='lat' dir='ltr'>natos</span> <span class='ocrx_word' id='word_1_50' title='bbox 353 425 393 457; x_wconf 87' lang='lat' dir='ltr'>et</span> <span class='ocrx_word' id='word_1_51' title='bbox 411 417 592 467; x_wconf 57' lang='lat' dir='ltr'>parentis</span> <span class='ocrx_word' id='word_1_52' title='bbox 613 429 714 467; x_wconf 91' lang='lat' dir='ltr'>quae</span> <span class='ocrx_word' id='word_1_53' title='bbox 733 415 861 455; x_wconf 81' lang='lat' dir='ltr'>dirimi</span> <span class='ocrx_word' id='word_1_54' title='bbox 881 414 953 454; x_wconf 89' lang='lat' dir='ltr'>nisi</span> <span class='ocrx_word' id='word_1_55' title='bbox 973 414 1192 454; x_wconf 90' lang='lat' dir='ltr'>detestabili</span> <span class='ocrx_word' id='word_1_56' title='bbox 1204 414 1349 453; x_wconf 87' lang='lat' dir='ltr'>scelere</span> <span class='ocrx_word' id='word_1_57' title='bbox 1364 425 1445 451; x_wconf 90' lang='lat' dir='ltr'>non</span> 
     </span>
     <span class='ocr_line' id='line_1_7' title="bbox 108 476 1445 535; baseline -0.004 -14"><span class='ocrx_word' id='word_1_58' title='bbox 108 488 252 535; x_wconf 80' lang='lat' dir='ltr'>potest,</span> <span class='ocrx_word' id='word_1_59' title='bbox 270 480 419 521; x_wconf 88' lang='lat' dir='ltr'>deinde</span> <span class='ocrx_word' id='word_1_60' title='bbox 439 493 531 519; x_wconf 91' lang='lat' dir='ltr'>cum</span> <span class='ocrx_word' id='word_1_61' title='bbox 557 480 693 519; x_wconf 89' lang='lat' dir='ltr'>similis</span> <span class='ocrx_word' id='word_1_62' title='bbox 717 492 854 519; x_wconf 89' lang='lat' dir='ltr'>sensus</span> <span class='ocrx_word' id='word_1_63' title='bbox 877 478 1020 519; x_wconf 82' lang='lat' dir='ltr'>exstitit</span> <span class='ocrx_word' id='word_1_64' title='bbox 1042 477 1197 525; x_wconf 89' lang='lat' dir='ltr'>amoris,</span> <span class='ocrx_word' id='word_1_65' title='bbox 1217 477 1249 517; x_wconf 89' lang='lat' dir='ltr'>si</span> <span class='ocrx_word' id='word_1_66' title='bbox 1274 476 1445 528; x_wconf 85' lang='lat' dir='ltr'>aliquem</span> 
     </span>
     <span class='ocr_line' id='line_1_8' title="bbox 110 542 1447 594; baseline -0.004 -7"><span class='ocrx_word' id='word_1_67' title='bbox 110 546 217 587; x_wconf 73' lang='lat' dir='ltr'>nacti</span> <span class='ocrx_word' id='word_1_68' title='bbox 233 558 381 591; x_wconf 75' lang='lat' dir='ltr'>sumuS,</span> <span class='ocrx_word' id='word_1_69' title='bbox 401 545 511 585; x_wconf 86' lang='lat' dir='ltr'>cuius</span> <span class='ocrx_word' id='word_1_70' title='bbox 529 558 621 584; x_wconf 91' lang='lat' dir='ltr'>cum</span> <span class='ocrx_word' id='word_1_71' title='bbox 640 545 814 584; x_wconf 89' lang='lat' dir='ltr'>moribus</span> <span class='ocrx_word' id='word_1_72' title='bbox 833 553 871 583; x_wconf 90' lang='lat' dir='ltr'>et</span> <span class='ocrx_word' id='word_1_73' title='bbox 891 552 1028 583; x_wconf 86' lang='lat' dir='ltr'>natura</span> <span class='ocrx_word' id='word_1_74' title='bbox 1045 555 1318 594; x_wconf 87' lang='lat' dir='ltr'>congruamus,</span> <span class='ocrx_word' id='word_1_75' title='bbox 1337 542 1447 593; x_wconf 91' lang='lat' dir='ltr'>quod</span> 
     </span>
     <span class='ocr_line' id='line_1_9' title="bbox 109 607 1447 664; baseline -0.006 -11"><span class='ocrx_word' id='word_1_76' title='bbox 109 610 153 652; x_wconf 79' lang='lat' dir='ltr'>in</span> <span class='ocrx_word' id='word_1_77' title='bbox 183 623 235 652; x_wconf 89' lang='lat' dir='ltr'>eo</span> <span class='ocrx_word' id='word_1_78' title='bbox 262 613 373 664; x_wconf 86' lang='lat' dir='ltr'>quasi</span> <span class='ocrx_word' id='word_1_79' title='bbox 404 614 537 652; x_wconf 86' lang='lat' dir='ltr'>lumen</span> <span class='ocrx_word' id='word_1_80' title='bbox 566 610 728 660; x_wconf 89' lang='lat' dir='ltr'>aliquod</span> <span class='ocrx_word' id='word_1_81' title='bbox 758 609 960 660; x_wconf 87' lang='lat' dir='ltr'>probitatis</span> <span class='ocrx_word' id='word_1_82' title='bbox 985 616 1024 647; x_wconf 93' lang='lat' dir='ltr'>et</span> <span class='ocrx_word' id='word_1_83' title='bbox 1056 607 1206 647; x_wconf 87' lang='lat' dir='ltr'>virtutis</span> <span class='ocrx_word' id='word_1_84' title='bbox 1227 607 1447 658; x_wconf 81' lang='lat' dir='ltr'>perspicere</span> 
     </span>
    </p>

    <p class='ocr_par' dir='ltr' id='par_1_3' title="bbox 0 671 1514 1310">
     <span class='ocr_line' id='line_1_10' title="bbox 0 671 1514 725; baseline -0.004 -9"><span class='ocrx_word' id='word_1_85' title='bbox 0 713 2 716; x_wconf 81' lang='grc'>,</span> <span class='ocrx_word' id='word_1_86' title='bbox 53 717 59 725; x_wconf 70' lang='grc'><strong><em>,</em></strong></span> <span class='ocrx_word' id='word_1_87' title='bbox 109 675 322 718; x_wconf 79' lang='lat' dir='ltr'>videamur.</span> <span class='ocrx_word' id='word_1_88' title='bbox 364 677 473 716; x_wconf 86' lang='lat' dir='ltr'>Nihil</span> <span class='ocrx_word' id='word_1_89' title='bbox 493 683 550 715; x_wconf 85' lang='lat' dir='ltr'>est</span> <span class='ocrx_word' id='word_1_90' title='bbox 563 674 669 714; x_wconf 87' lang='lat' dir='ltr'>enim</span> <span class='ocrx_word' id='word_1_91' title='bbox 687 674 826 713; x_wconf 85' lang='lat' dir='ltr'>virtute</span> <span class='ocrx_word' id='word_1_92' title='bbox 846 673 1059 719; x_wconf 84' lang='lat' dir='ltr'>amabilius,</span> <span class='ocrx_word' id='word_1_93' title='bbox 1082 673 1176 711; x_wconf 85' lang='lat' dir='ltr'>nihil</span> <span class='ocrx_word' id='word_1_94' title='bbox 1196 673 1305 723; x_wconf 90' lang='lat' dir='ltr'>quod</span> <span class='ocrx_word' id='word_1_95' title='bbox 1324 671 1447 723; x_wconf 86' lang='lat' dir='ltr'>magis</span> <span class='ocrx_word' id='word_1_96' title='bbox 1465 671 1514 710; x_wconf 82' lang='lat'>28</span> 
     </span>
     <span class='ocr_line' id='line_1_11' title="bbox 0 738 1448 792; baseline -0.004 -11"><span class='ocrx_word' id='word_1_97' title='bbox 0 740 7 789; x_wconf 59' lang='lat' dir='ltr'><em>J</em></span> <span class='ocrx_word' id='word_1_98' title='bbox 59 758 95 781; x_wconf 74' lang='lat' dir='ltr'>xo</span> <span class='ocrx_word' id='word_1_99' title='bbox 108 740 253 781; x_wconf 78' lang='lat' dir='ltr'>alliciat</span> <span class='ocrx_word' id='word_1_100' title='bbox 271 741 325 780; x_wconf 81' lang='lat' dir='ltr'>ad</span> <span class='ocrx_word' id='word_1_101' title='bbox 343 740 587 792; x_wconf 84' lang='lat' dir='ltr'>diligendum</span> <span class='ocrx_word' id='word_1_102' title='bbox 604 756 612 779; x_wconf 72' lang='grc' dir='ltr'>ε</span> <span class='ocrx_word' id='word_1_103' title='bbox 654 739 801 790; x_wconf 88' lang='lat' dir='ltr'>quippe</span> <span class='ocrx_word' id='word_1_104' title='bbox 819 751 910 777; x_wconf 87' lang='lat' dir='ltr'>cum</span> <span class='ocrx_word' id='word_1_105' title='bbox 930 747 1087 788; x_wconf 89' lang='lat' dir='ltr'>propter</span> <span class='ocrx_word' id='word_1_106' title='bbox 1105 738 1285 776; x_wconf 81' lang='lat' dir='ltr'>virtutem</span> <span class='ocrx_word' id='word_1_107' title='bbox 1305 745 1343 776; x_wconf 92' lang='lat' dir='ltr'>et</span> <span class='ocrx_word' id='word_1_108' title='bbox 1362 749 1448 787; x_wconf 90' lang='lat' dir='ltr'>pro-</span> 
     </span>
     <span class='ocr_line' id='line_1_12' title="bbox 113 801 1448 856; baseline -0.006 -9"><span class='ocrx_word' id='word_1_109' title='bbox 113 806 275 847; x_wconf 78' lang='lat' dir='ltr'>bitatem</span> <span class='ocrx_word' id='word_1_110' title='bbox 301 807 419 848; x_wconf 90' lang='lat' dir='ltr'>etiam</span> <span class='ocrx_word' id='word_1_111' title='bbox 448 819 531 854; x_wconf 86' lang='lat' dir='ltr'>eos,</span> <span class='ocrx_word' id='word_1_112' title='bbox 551 818 652 856; x_wconf 89' lang='lat' dir='ltr'>quos</span> <span class='ocrx_word' id='word_1_113' title='bbox 681 816 895 854; x_wconf 87' lang='lat' dir='ltr'>numquam</span> <span class='ocrx_word' id='word_1_114' title='bbox 918 803 1098 849; x_wconf 82' lang='lat' dir='ltr'>vidimus,</span> <span class='ocrx_word' id='word_1_115' title='bbox 1125 802 1299 853; x_wconf 90' lang='lat' dir='ltr'>quodam</span> <span class='ocrx_word' id='word_1_116' title='bbox 1325 801 1448 840; x_wconf 91' lang='lat' dir='ltr'>modo</span> 
     </span>
     <span class='ocr_line' id='line_1_13' title="bbox 111 866 1448 924; baseline -0.007 -10"><span class='ocrx_word' id='word_1_117' title='bbox 111 873 331 924; x_wconf 78' lang='lat' dir='ltr'>diligamus.</span> <span class='ocrx_word' id='word_1_118' title='bbox 407 872 506 923; x_wconf 88' lang='lat' dir='ltr'>Quis</span> <span class='ocrx_word' id='word_1_119' title='bbox 543 879 601 910; x_wconf 91' lang='lat' dir='ltr'>est</span> <span class='ocrx_word' id='word_1_120' title='bbox 638 870 705 921; x_wconf 90' lang='lat' dir='ltr'>qui</span> <span class='ocrx_word' id='word_1_121' title='bbox 742 871 788 910; x_wconf 94' lang='lat' dir='ltr'>C.</span> <span class='ocrx_word' id='word_1_122' title='bbox 822 867 986 916; x_wconf 84' lang='lat' dir='ltr'>Fabrici,</span> <span class='ocrx_word' id='word_1_123' title='bbox 1019 869 1086 907; x_wconf 91' lang='lat' dir='ltr'>M&#39;.</span> <span class='ocrx_word' id='word_1_124' title='bbox 1116 866 1209 908; x_wconf 88' lang='lat' dir='ltr'>Curi</span> <span class='ocrx_word' id='word_1_125' title='bbox 1246 879 1327 906; x_wconf 91' lang='lat' dir='ltr'>non</span> <span class='ocrx_word' id='word_1_126' title='bbox 1356 878 1448 905; x_wconf 92' lang='lat' dir='ltr'>cum</span> 
     </span>
     <span class='ocr_line' id='line_1_14' title="bbox 110 934 1448 989; baseline -0.007 -10"><span class='ocrx_word' id='word_1_127' title='bbox 110 937 273 978; x_wconf 80' lang='lat' dir='ltr'>caritate</span> <span class='ocrx_word' id='word_1_128' title='bbox 299 937 431 989; x_wconf 83' lang='lat' dir='ltr'>aliqua</span> <span class='ocrx_word' id='word_1_129' title='bbox 455 936 648 977; x_wconf 87' lang='lat' dir='ltr'>benevola</span> <span class='ocrx_word' id='word_1_130' title='bbox 672 934 902 974; x_wconf 87' lang='lat' dir='ltr'>memoriam</span> <span class='ocrx_word' id='word_1_131' title='bbox 921 941 1090 984; x_wconf 86' lang='lat' dir='ltr'>usurpet,</span> <span class='ocrx_word' id='word_1_132' title='bbox 1111 943 1211 984; x_wconf 79' lang='lat' dir='ltr'>quos</span> <span class='ocrx_word' id='word_1_133' title='bbox 1230 943 1448 982; x_wconf 89' lang='lat' dir='ltr'>numquam</span> 
     </span>
     <span class='ocr_line' id='line_1_15' title="bbox 110 996 1447 1053; baseline -0.007 -10"><span class='ocrx_word' id='word_1_134' title='bbox 110 1002 280 1043; x_wconf 77' lang='lat' dir='ltr'>viderit?</span> <span class='ocrx_word' id='word_1_135' title='bbox 333 1002 432 1053; x_wconf 86' lang='lat' dir='ltr'>Quis</span> <span class='ocrx_word' id='word_1_136' title='bbox 450 1010 582 1041; x_wconf 88' lang='lat' dir='ltr'>autem</span> <span class='ocrx_word' id='word_1_137' title='bbox 608 1008 666 1040; x_wconf 87' lang='lat' dir='ltr'>est</span> <span class='ocrx_word' id='word_1_138' title='bbox 684 999 753 1051; x_wconf 92' lang='lat' dir='ltr'>qui</span> <span class='ocrx_word' id='word_1_139' title='bbox 771 998 1028 1050; x_wconf 85' lang='lat' dir='ltr'>Tarquinium</span> <span class='ocrx_word' id='word_1_140' title='bbox 1047 997 1275 1049; x_wconf 88' lang='lat' dir='ltr'>Superbum,</span> <span class='ocrx_word' id='word_1_141' title='bbox 1295 996 1363 1047; x_wconf 90' lang='lat' dir='ltr'>qui</span> <span class='ocrx_word' id='word_1_142' title='bbox 1381 997 1447 1046; x_wconf 89' lang='lat' dir='ltr'>Sp.</span> 
     </span>
     <span class='ocr_line' id='line_1_16' title="bbox 61 1060 1450 1117; baseline -0.006 -9"><span class='ocrx_word' id='word_1_143' title='bbox 61 1087 95 1113; x_wconf 71' lang='grc' dir='ltr'>ις</span> <span class='ocrx_word' id='word_1_144' title='bbox 111 1066 306 1116; x_wconf 65' lang='lat' dir='ltr'>emtum,</span> <span class='ocrx_word' id='word_1_145' title='bbox 326 1066 391 1117; x_wconf 87' lang='lat' dir='ltr'>Sp.</span> <span class='ocrx_word' id='word_1_146' title='bbox 414 1064 605 1104; x_wconf 87' lang='lat' dir='ltr'>Maelium</span> <span class='ocrx_word' id='word_1_147' title='bbox 618 1076 698 1103; x_wconf 91' lang='lat' dir='ltr'>non</span> <span class='ocrx_word' id='word_1_148' title='bbox 710 1063 837 1103; x_wconf 88' lang='lat' dir='ltr'>oderit</span> <span class='ocrx_word' id='word_1_149' title='bbox 848 1064 867 1101; x_wconf 87' lang='lat'>?</span> <span class='ocrx_word' id='word_1_150' title='bbox 921 1063 1024 1102; x_wconf 91' lang='lat' dir='ltr'>Cum</span> <span class='ocrx_word' id='word_1_151' title='bbox 1043 1062 1198 1101; x_wconf 91' lang='lat' dir='ltr'>duobus</span> <span class='ocrx_word' id='word_1_152' title='bbox 1213 1060 1379 1100; x_wconf 89' lang='lat' dir='ltr'>ducibus</span> <span class='ocrx_word' id='word_1_153' title='bbox 1397 1060 1450 1099; x_wconf 89' lang='lat' dir='ltr'>de</span> 
     </span>
     <span class='ocr_line' id='line_1_17' title="bbox 114 1124 1450 1183; baseline -0.006 -11"><span class='ocrx_word' id='word_1_154' title='bbox 114 1130 279 1183; x_wconf 85' lang='lat' dir='ltr'>imperio</span> <span class='ocrx_word' id='word_1_155' title='bbox 300 1130 343 1170; x_wconf 88' lang='lat' dir='ltr'>in</span> <span class='ocrx_word' id='word_1_156' title='bbox 372 1130 485 1169; x_wconf 83' lang='lat' dir='ltr'>Italia</span> <span class='ocrx_word' id='word_1_157' title='bbox 513 1137 571 1168; x_wconf 89' lang='lat' dir='ltr'>est</span> <span class='ocrx_word' id='word_1_158' title='bbox 598 1129 853 1174; x_wconf 87' lang='lat' dir='ltr'>decertatum,</span> <span class='ocrx_word' id='word_1_159' title='bbox 881 1126 1027 1178; x_wconf 85' lang='lat' dir='ltr'>Pyrrho</span> <span class='ocrx_word' id='word_1_160' title='bbox 1055 1134 1094 1166; x_wconf 89' lang='lat' dir='ltr'>et</span> <span class='ocrx_word' id='word_1_161' title='bbox 1122 1126 1371 1174; x_wconf 87' lang='lat' dir='ltr'>Hannibale;</span> <span class='ocrx_word' id='word_1_162' title='bbox 1399 1124 1450 1164; x_wconf 91' lang='lat' dir='ltr'>ab</span> 
     </span>
     <span class='ocr_line' id='line_1_18' title="bbox 113 1188 1452 1247; baseline -0.006 -11"><span class='ocrx_word' id='word_1_163' title='bbox 113 1196 237 1236; x_wconf 78' lang='lat' dir='ltr'>altero</span> <span class='ocrx_word' id='word_1_164' title='bbox 254 1203 413 1247; x_wconf 84' lang='lat' dir='ltr'>propter</span> <span class='ocrx_word' id='word_1_165' title='bbox 425 1194 659 1246; x_wconf 86' lang='lat' dir='ltr'>probitatem</span> <span class='ocrx_word' id='word_1_166' title='bbox 674 1192 756 1232; x_wconf 90' lang='lat' dir='ltr'>eius</span> <span class='ocrx_word' id='word_1_167' title='bbox 775 1205 855 1231; x_wconf 89' lang='lat' dir='ltr'>non</span> <span class='ocrx_word' id='word_1_168' title='bbox 869 1191 985 1230; x_wconf 86' lang='lat' dir='ltr'>nimis</span> <span class='ocrx_word' id='word_1_169' title='bbox 1003 1190 1152 1230; x_wconf 87' lang='lat' dir='ltr'>alienos</span> <span class='ocrx_word' id='word_1_170' title='bbox 1171 1190 1323 1229; x_wconf 88' lang='lat' dir='ltr'>animos</span> <span class='ocrx_word' id='word_1_171' title='bbox 1334 1188 1452 1228; x_wconf 87' lang='lat' dir='ltr'>habe-</span> 
     </span>
     <span class='ocr_line' id='line_1_19' title="bbox 113 1252 1451 1310; baseline -0.007 -8"><span class='ocrx_word' id='word_1_172' title='bbox 113 1273 212 1309; x_wconf 74' lang='lat' dir='ltr'>mus,</span> <span class='ocrx_word' id='word_1_173' title='bbox 227 1261 391 1301; x_wconf 81' lang='lat' dir='ltr'>alterum</span> <span class='ocrx_word' id='word_1_174' title='bbox 410 1267 567 1310; x_wconf 87' lang='lat' dir='ltr'>propter</span> <span class='ocrx_word' id='word_1_175' title='bbox 583 1257 854 1297; x_wconf 88' lang='lat' dir='ltr'>crudelitatem</span> <span class='ocrx_word' id='word_1_176' title='bbox 874 1269 1029 1307; x_wconf 86' lang='lat' dir='ltr'>semper</span> <span class='ocrx_word' id='word_1_177' title='bbox 1046 1256 1143 1294; x_wconf 84' lang='lat' dir='ltr'>haec</span> <span class='ocrx_word' id='word_1_178' title='bbox 1158 1254 1294 1294; x_wconf 86' lang='lat' dir='ltr'>civitas</span> <span class='ocrx_word' id='word_1_179' title='bbox 1313 1252 1451 1293; x_wconf 87' lang='lat' dir='ltr'>oderit.</span> 
     </span>
    </p>

    <p class='ocr_par' dir='ltr' id='par_1_4' title="bbox 0 1315 1514 2153">
     <span class='ocr_line' id='line_1_20' title="bbox 194 1315 1514 1375; baseline -0.008 -9"><span class='ocrx_word' id='word_1_180' title='bbox 194 1325 268 1366; x_wconf 79' lang='lat' dir='ltr'>lx.</span> <span class='ocrx_word' id='word_1_181' title='bbox 334 1324 455 1375; x_wconf 88' lang='lat' dir='ltr'>Quod</span> <span class='ocrx_word' id='word_1_182' title='bbox 478 1322 510 1362; x_wconf 88' lang='lat' dir='ltr'>si</span> <span class='ocrx_word' id='word_1_183' title='bbox 531 1330 641 1362; x_wconf 85' lang='lat' dir='ltr'>tanta</span> <span class='ocrx_word' id='word_1_184' title='bbox 663 1321 721 1360; x_wconf 86' lang='lat' dir='ltr'>vis</span> <span class='ocrx_word' id='word_1_185' title='bbox 739 1319 943 1372; x_wconf 85' lang='lat' dir='ltr'>probitatis</span> <span class='ocrx_word' id='word_1_186' title='bbox 965 1326 1035 1366; x_wconf 56' lang='lat' dir='ltr'>at,</span> <span class='ocrx_word' id='word_1_187' title='bbox 1056 1327 1098 1358; x_wconf 91' lang='lat' dir='ltr'>ut</span> <span class='ocrx_word' id='word_1_188' title='bbox 1121 1331 1208 1358; x_wconf 86' lang='lat' dir='ltr'>eam</span> <span class='ocrx_word' id='word_1_189' title='bbox 1233 1317 1327 1357; x_wconf 85' lang='lat' dir='ltr'>vel</span> <span class='ocrx_word' id='word_1_190' title='bbox 1318 1330 1359 1356; x_wconf 85' lang='lat' dir='ltr'>m</span> <span class='ocrx_word' id='word_1_191' title='bbox 1381 1316 1447 1362; x_wconf 85' lang='lat' dir='ltr'>eis,</span> <span class='ocrx_word' id='word_1_192' title='bbox 1469 1315 1514 1355; x_wconf 68' lang='lat'>29</span> 
     </span>
     <span class='ocr_line' id='line_1_21' title="bbox 0 1381 1452 1443; baseline -0.008 -11"><span class='ocrx_word' id='word_1_193' title='bbox 0 1417 7 1439; x_wconf 58' lang='lat'>1</span> <span class='ocrx_word' id='word_1_194' title='bbox 60 1409 97 1431; x_wconf 76' lang='grc' dir='ltr'>οο</span> <span class='ocrx_word' id='word_1_195' title='bbox 111 1401 214 1443; x_wconf 71' lang='lat' dir='ltr'>quot</span> <span class='ocrx_word' id='word_1_196' title='bbox 231 1400 449 1440; x_wconf 80' lang='lat' dir='ltr'>numquam</span> <span class='ocrx_word' id='word_1_197' title='bbox 473 1387 654 1435; x_wconf 86' lang='lat' dir='ltr'>vidimus,</span> <span class='ocrx_word' id='word_1_198' title='bbox 675 1386 749 1433; x_wconf 90' lang='lat' dir='ltr'>vel,</span> <span class='ocrx_word' id='word_1_199' title='bbox 769 1385 878 1436; x_wconf 93' lang='lat' dir='ltr'>quod</span> <span class='ocrx_word' id='word_1_200' title='bbox 898 1384 1023 1423; x_wconf 86' lang='lat' dir='ltr'>maius</span> <span class='ocrx_word' id='word_1_201' title='bbox 1042 1391 1111 1430; x_wconf 86' lang='lat' dir='ltr'>est,</span> <span class='ocrx_word' id='word_1_202' title='bbox 1132 1383 1172 1422; x_wconf 91' lang='lat' dir='ltr'>in</span> <span class='ocrx_word' id='word_1_203' title='bbox 1201 1383 1314 1422; x_wconf 86' lang='lat' dir='ltr'>hoste</span> <span class='ocrx_word' id='word_1_204' title='bbox 1332 1381 1452 1421; x_wconf 89' lang='lat' dir='ltr'>etiam</span> 
     </span>
     <span class='ocr_line' id='line_1_22' title="bbox 0 1445 1451 1507; baseline -0.008 -11"><span class='ocrx_word' id='word_1_205' title='bbox 0 1445 9 1454; x_wconf 65' lang='grc'><em>’</em></span> <span class='ocrx_word' id='word_1_206' title='bbox 113 1452 334 1507; x_wconf 75' lang='lat' dir='ltr'>diligamus,</span> <span class='ocrx_word' id='word_1_207' title='bbox 362 1451 460 1505; x_wconf 83' lang='lat' dir='ltr'>quid</span> <span class='ocrx_word' id='word_1_208' title='bbox 491 1451 632 1491; x_wconf 84' lang='lat' dir='ltr'>mirum</span> <span class='ocrx_word' id='word_1_209' title='bbox 660 1458 731 1498; x_wconf 88' lang='lat' dir='ltr'>est,</span> <span class='ocrx_word' id='word_1_210' title='bbox 759 1450 792 1490; x_wconf 88' lang='lat' dir='ltr'>si</span> <span class='ocrx_word' id='word_1_211' title='bbox 819 1449 940 1489; x_wconf 87' lang='lat' dir='ltr'>animi</span> <span class='ocrx_word' id='word_1_212' title='bbox 975 1449 1182 1489; x_wconf 87' lang='lat' dir='ltr'>hominum</span> <span class='ocrx_word' id='word_1_213' title='bbox 1210 1454 1451 1492; x_wconf 88' lang='lat' dir='ltr'>moveantur,</span> 
     </span>
     <span class='ocr_line' id='line_1_23' title="bbox 0 1493 1451 1570; baseline -0.008 -7"><span class='ocrx_word' id='word_1_214' title='bbox 0 1493 17 1563; x_wconf 55' lang='lat' dir='ltr'>i</span> <span class='ocrx_word' id='word_1_215' title='bbox 113 1530 207 1561; x_wconf 74' lang='lat' dir='ltr'>cnm</span> <span class='ocrx_word' id='word_1_216' title='bbox 224 1530 374 1567; x_wconf 74' lang='lat' dir='ltr'>eorum,</span> <span class='ocrx_word' id='word_1_217' title='bbox 393 1517 630 1570; x_wconf 76' lang='lat' dir='ltr'>quibuscum</span> <span class='ocrx_word' id='word_1_218' title='bbox 649 1529 722 1556; x_wconf 87' lang='lat' dir='ltr'>usu</span> <span class='ocrx_word' id='word_1_219' title='bbox 746 1514 947 1556; x_wconf 86' lang='lat' dir='ltr'>coniuncti</span> <span class='ocrx_word' id='word_1_220' title='bbox 966 1528 1053 1555; x_wconf 88' lang='lat' dir='ltr'>esse</span> <span class='ocrx_word' id='word_1_221' title='bbox 1074 1521 1250 1566; x_wconf 86' lang='lat' dir='ltr'>possunt,</span> <span class='ocrx_word' id='word_1_222' title='bbox 1270 1512 1451 1552; x_wconf 86' lang='lat' dir='ltr'>virtutem</span> 
     </span>
     <span class='ocr_line' id='line_1_24' title="bbox 114 1577 1454 1635; baseline -0.009 -8"><span class='ocrx_word' id='word_1_223' title='bbox 114 1581 384 1627; x_wconf 60' lang='lat' dir='ltr'>‹it-bonitatem</span> <span class='ocrx_word' id='word_1_224' title='bbox 402 1582 622 1635; x_wconf 86' lang='lat' dir='ltr'>perspicere</span> <span class='ocrx_word' id='word_1_225' title='bbox 634 1580 843 1621; x_wconf 56' lang='lat' dir='ltr'>videantur</span> <span class='ocrx_word' id='word_1_226' title='bbox 852 1581 872 1619; x_wconf 86' lang='lat'><strong>?</strong></span> <span class='ocrx_word' id='word_1_227' title='bbox 936 1580 1188 1630; x_wconf 87' lang='lat' dir='ltr'>Quamquam</span> <span class='ocrx_word' id='word_1_228' title='bbox 1200 1577 1454 1617; x_wconf 86' lang='lat' dir='ltr'>confirmatur</span> 
     </span>
     <span class='ocr_line' id='line_1_25' title="bbox 0 1635 1454 1697; baseline -0.008 -6"><span class='ocrx_word' id='word_1_229' title='bbox 0 1641 11 1685; x_wconf 67' lang='lat' dir='ltr'>i</span> <span class='ocrx_word' id='word_1_230' title='bbox 114 1635 488 1690; x_wconf 62' lang='lat' dir='ltr'>moenbeneficio</span> <span class='ocrx_word' id='word_1_231' title='bbox 505 1653 670 1697; x_wconf 81' lang='lat' dir='ltr'>accepto</span> <span class='ocrx_word' id='word_1_232' title='bbox 687 1652 727 1685; x_wconf 92' lang='lat' dir='ltr'>et</span> <span class='ocrx_word' id='word_1_233' title='bbox 738 1643 871 1684; x_wconf 85' lang='lat' dir='ltr'>studio</span> <span class='ocrx_word' id='word_1_234' title='bbox 888 1651 1093 1695; x_wconf 85' lang='lat' dir='ltr'>perspecto</span> <span class='ocrx_word' id='word_1_235' title='bbox 1111 1650 1151 1682; x_wconf 93' lang='lat' dir='ltr'>et</span> <span class='ocrx_word' id='word_1_236' title='bbox 1168 1641 1454 1682; x_wconf 87' lang='lat' dir='ltr'>consuetudine</span> 
     </span>
     <span class='ocr_line' id='line_1_26' title="bbox 0 1690 1453 1765; baseline -0.008 -9"><span class='ocrx_word' id='word_1_237' title='bbox 0 1690 14 1754; x_wconf 60' lang='lat' dir='ltr'>i</span> <span class='ocrx_word' id='word_1_238' title='bbox 62 1711 311 1761; x_wconf 65' lang='lat' dir='ltr'>nsad‘nmcta,</span> <span class='ocrx_word' id='word_1_239' title='bbox 339 1711 484 1765; x_wconf 76' lang='lat' dir='ltr'>quibus</span> <span class='ocrx_word' id='word_1_240' title='bbox 514 1711 631 1752; x_wconf 78' lang='lat' dir='ltr'>rebus</span> <span class='ocrx_word' id='word_1_241' title='bbox 659 1710 712 1750; x_wconf 83' lang='lat' dir='ltr'>ad</span> <span class='ocrx_word' id='word_1_242' title='bbox 740 1709 849 1749; x_wconf 89' lang='lat' dir='ltr'>illum</span> <span class='ocrx_word' id='word_1_243' title='bbox 881 1707 1050 1759; x_wconf 81' lang='lat' dir='ltr'>primum</span> <span class='ocrx_word' id='word_1_244' title='bbox 1081 1714 1234 1747; x_wconf 90' lang='lat' dir='ltr'>motum</span> <span class='ocrx_word' id='word_1_245' title='bbox 1265 1704 1386 1745; x_wconf 85' lang='lat' dir='ltr'>animi</span> <span class='ocrx_word' id='word_1_246' title='bbox 1413 1711 1453 1745; x_wconf 88' lang='lat' dir='ltr'>et</span> 
     </span>
     <span class='ocr_line' id='line_1_27' title="bbox 0 1754 1455 1826; baseline -0.008 -5"><span class='ocrx_word' id='word_1_247' title='bbox 0 1754 18 1799; x_wconf 57' lang='lat'>3</span> <span class='ocrx_word' id='word_1_248' title='bbox 114 1776 261 1820; x_wconf 65' lang='lat' dir='ltr'>amoris</span> <span class='ocrx_word' id='word_1_249' title='bbox 275 1776 461 1819; x_wconf 72' lang='lat' dir='ltr'>adhibitis</span> <span class='ocrx_word' id='word_1_250' title='bbox 473 1774 712 1818; x_wconf 78' lang='lat' dir='ltr'>admirabilis</span> <span class='ocrx_word' id='word_1_251' title='bbox 723 1774 919 1826; x_wconf 78' lang='lat' dir='ltr'>quaedam</span> <span class='ocrx_word' id='word_1_252' title='bbox 930 1771 1145 1813; x_wconf 84' lang='lat' dir='ltr'>exardescit</span> <span class='ocrx_word' id='word_1_253' title='bbox 1156 1769 1455 1811; x_wconf 82' lang='lat' dir='ltr'>benevolentiae</span> 
     </span>
     <span class='ocr_line' id='line_1_28' title="bbox 0 1802 1452 1894; baseline -0.01 -9"><span class='ocrx_word' id='word_1_254' title='bbox 0 1802 14 1886; x_wconf 71' lang='lat' dir='ltr'>i</span> <span class='ocrx_word' id='word_1_255' title='bbox 116 1839 360 1894; x_wconf 68' lang='lat' dir='ltr'>mgnimdo.</span> <span class='ocrx_word' id='word_1_256' title='bbox 416 1840 547 1891; x_wconf 83' lang='lat' dir='ltr'>Quam</span> <span class='ocrx_word' id='word_1_257' title='bbox 572 1838 606 1879; x_wconf 83' lang='lat' dir='ltr'>si</span> <span class='ocrx_word' id='word_1_258' title='bbox 630 1837 699 1890; x_wconf 90' lang='lat' dir='ltr'>qui</span> <span class='ocrx_word' id='word_1_259' title='bbox 723 1845 864 1889; x_wconf 85' lang='lat' dir='ltr'>putant</span> <span class='ocrx_word' id='word_1_260' title='bbox 887 1836 939 1876; x_wconf 87' lang='lat' dir='ltr'>ab</span> <span class='ocrx_word' id='word_1_261' title='bbox 962 1833 1228 1875; x_wconf 84' lang='lat' dir='ltr'>imbecillitate</span> <span class='ocrx_word' id='word_1_262' title='bbox 1246 1831 1452 1885; x_wconf 77' lang='lat' dir='ltr'>proficisci,</span> 
     </span>
     <span class='ocr_line' id='line_1_29' title="bbox 115 1897 1453 1975; baseline -0.01 -26"><span class='ocrx_word' id='word_1_263' title='bbox 115 1912 162 1949; x_wconf 78' lang='lat' dir='ltr'>nt</span> <span class='ocrx_word' id='word_1_264' title='bbox 178 1905 229 1947; x_wconf 67' lang='lat' dir='ltr'>tit</span> <span class='ocrx_word' id='word_1_265' title='bbox 245 1916 319 1958; x_wconf 76' lang='lat' dir='ltr'>per</span> <span class='ocrx_word' id='word_1_266' title='bbox 333 1915 454 1963; x_wconf 78' lang='lat' dir='ltr'>quem</span> <span class='ocrx_word' id='word_1_267' title='bbox 470 1903 708 1975; x_wconf 75' lang='lat' dir='ltr'>adaequatur</span> <span class='ocrx_word' id='word_1_268' title='bbox 725 1901 834 1952; x_wconf 90' lang='lat' dir='ltr'>quod</span> <span class='ocrx_word' id='word_1_269' title='bbox 852 1899 1017 1952; x_wconf 87' lang='lat' dir='ltr'>quisque</span> <span class='ocrx_word' id='word_1_270' title='bbox 1035 1898 1243 1946; x_wconf 84' lang='lat' dir='ltr'>desideret,</span> <span class='ocrx_word' id='word_1_271' title='bbox 1263 1897 1453 1938; x_wconf 88' lang='lat' dir='ltr'>humilem</span> 
     </span>
     <span class='ocr_line' id='line_1_30' title="bbox 0 1956 1453 2026; baseline -0.008 -13"><span class='ocrx_word' id='word_1_272' title='bbox 0 1956 23 2026; x_wconf 21' lang='lat' dir='ltr'>ff]</span> <span class='ocrx_word' id='word_1_273' title='bbox 115 1981 214 2013; x_wconf 64' lang='lat' dir='ltr'>nne</span> <span class='ocrx_word' id='word_1_274' title='bbox 238 1968 433 2010; x_wconf 74' lang='lat' dir='ltr'>relincunt</span> <span class='ocrx_word' id='word_1_275' title='bbox 459 1975 501 2008; x_wconf 83' lang='lat' dir='ltr'>et</span> <span class='ocrx_word' id='word_1_276' title='bbox 526 1965 691 2007; x_wconf 86' lang='lat' dir='ltr'>minime</span> <span class='ocrx_word' id='word_1_277' title='bbox 722 1977 968 2018; x_wconf 80' lang='lat' dir='ltr'>generosum,</span> <span class='ocrx_word' id='word_1_278' title='bbox 998 1971 1041 2003; x_wconf 90' lang='lat' dir='ltr'>ut</span> <span class='ocrx_word' id='word_1_279' title='bbox 1069 1962 1124 2003; x_wconf 87' lang='lat' dir='ltr'>ita</span> <span class='ocrx_word' id='word_1_280' title='bbox 1150 1962 1293 2011; x_wconf 87' lang='lat' dir='ltr'>dicam,</span> <span class='ocrx_word' id='word_1_281' title='bbox 1322 1970 1453 2002; x_wconf 86' lang='lat' dir='ltr'>ortum</span> 
     </span>
     <span class='ocr_line' id='line_1_31' title="bbox 62 2028 1452 2105; baseline -0.009 -25"><span class='ocrx_word' id='word_1_282' title='bbox 62 2034 323 2086; x_wconf 58' lang='grc' dir='ltr'>,ουκ-ἰείη,</span> <span class='ocrx_word' id='word_1_283' title='bbox 352 2046 474 2086; x_wconf 82' lang='lat' dir='ltr'>quam</span> <span class='ocrx_word' id='word_1_284' title='bbox 501 2045 552 2075; x_wconf 79' lang='lat' dir='ltr'>ex</span> <span class='ocrx_word' id='word_1_285' title='bbox 579 2032 714 2105; x_wconf 76' lang='lat' dir='ltr'>inopia</span> <span class='ocrx_word' id='word_1_286' title='bbox 741 2038 861 2103; x_wconf 80' lang='lat' dir='ltr'>atque</span> <span class='ocrx_word' id='word_1_287' title='bbox 890 2029 1106 2081; x_wconf 84' lang='lat' dir='ltr'>indigentia</span> <span class='ocrx_word' id='word_1_288' title='bbox 1134 2036 1268 2069; x_wconf 83' lang='lat' dir='ltr'>natam</span> <span class='ocrx_word' id='word_1_289' title='bbox 1301 2028 1452 2068; x_wconf 72' lang='lat' dir='ltr'>volunt.</span> 
     </span>
     <span class='ocr_line' id='line_1_32' title="bbox 18 2092 1452 2153; baseline -0.006 -13"><span class='ocrx_word' id='word_1_290' title='bbox 18 2103 33 2151; x_wconf 59' lang='lat' dir='ltr'>4ss</span> <span class='ocrx_word' id='word_1_291' title='bbox 117 2099 240 2153; x_wconf 63' lang='lat' dir='ltr'>Quod</span> <span class='ocrx_word' id='word_1_292' title='bbox 256 2098 290 2140; x_wconf 74' lang='lat' dir='ltr'>ai</span> <span class='ocrx_word' id='word_1_293' title='bbox 307 2098 364 2139; x_wconf 83' lang='lat' dir='ltr'>ita</span> <span class='ocrx_word' id='word_1_294' title='bbox 379 2105 494 2146; x_wconf 75' lang='lat' dir='ltr'>esset.</span> <span class='ocrx_word' id='word_1_295' title='bbox 508 2104 552 2138; x_wconf 83' lang='lat' dir='ltr'>ut</span> <span class='ocrx_word' id='word_1_296' title='bbox 562 2095 729 2149; x_wconf 75' lang='lat' dir='ltr'>quisque</span> <span class='ocrx_word' id='word_1_297' title='bbox 747 2094 954 2135; x_wconf 88' lang='lat' dir='ltr'>minimum</span> <span class='ocrx_word' id='word_1_298' title='bbox 972 2106 1059 2134; x_wconf 65' lang='lat' dir='ltr'>ease</span> <span class='ocrx_word' id='word_1_299' title='bbox 1076 2092 1118 2133; x_wconf 84' lang='lat' dir='ltr'>in</span> <span class='ocrx_word' id='word_1_300' title='bbox 1135 2105 1179 2134; x_wconf 81' lang='lat' dir='ltr'>se</span> <span class='ocrx_word' id='word_1_301' title='bbox 1195 2092 1452 2142; x_wconf 77' lang='lat' dir='ltr'>arbitraretur,</span> 
     </span>
    </p>

    <p class='ocr_par' dir='ltr' id='par_1_5' title="bbox 21 2155 1514 2283">
     <span class='ocr_line' id='line_1_33' title="bbox 27 2155 1514 2223; baseline -0.007 -15"><span class='ocrx_word' id='word_1_302' title='bbox 27 2172 66 2223; x_wconf 91' lang='lat'><strong><em>5</em></strong></span> <span class='ocrx_word' id='word_1_303' title='bbox 110 2162 246 2208; x_wconf 64' lang='lat' dir='ltr'>had</span> <span class='ocrx_word' id='word_1_304' title='bbox 259 2161 474 2204; x_wconf 82' lang='lat' dir='ltr'>amicitiam</span> <span class='ocrx_word' id='word_1_305' title='bbox 493 2168 596 2202; x_wconf 73' lang='lat' dir='ltr'>esset</span> <span class='ocrx_word' id='word_1_306' title='bbox 613 2158 861 2213; x_wconf 48' lang='lat' dir='ltr'>aptissimum</span> <span class='ocrx_word' id='word_1_307' title='bbox 888 2158 999 2211; x_wconf 89' lang='lat' dir='ltr'>quod</span> <span class='ocrx_word' id='word_1_308' title='bbox 1010 2158 1128 2211; x_wconf 83' lang='lat' dir='ltr'>longe</span> <span class='ocrx_word' id='word_1_309' title='bbox 1140 2170 1254 2199; x_wconf 79' lang='lat' dir='ltr'>secus</span> <span class='ocrx_word' id='word_1_310' title='bbox 1267 2164 1336 2198; x_wconf 67' lang='lat' dir='ltr'>est.</span> <span class='ocrx_word' id='word_1_311' title='bbox 1394 2156 1454 2199; x_wconf 86' lang='lat' dir='ltr'>Ut</span> <span class='ocrx_word' id='word_1_312' title='bbox 1472 2155 1514 2197; x_wconf 72' lang='grc'>8(</span> 
     </span>
     <span class='ocr_line' id='line_1_34' title="bbox 48 2220 1455 2294; baseline -0.009 -19.245"><span class='ocrx_word' id='word_1_313' title='bbox 48 2222 245 2294; x_wconf 54' lang='lat' dir='ltr'>§flu</span> <span class='ocrx_word' id='word_1_314' title='bbox 249 2227 420 2283; x_wconf 72' lang='lat' dir='ltr'>quisque</span> <span class='ocrx_word' id='word_1_315' title='bbox 444 2225 519 2268; x_wconf 71' lang='lat' dir='ltr'>sibi</span> <span class='ocrx_word' id='word_1_316' title='bbox 546 2224 757 2279; x_wconf 79' lang='lat' dir='ltr'>plurimum</span> <span class='ocrx_word' id='word_1_317' title='bbox 781 2223 947 2265; x_wconf 84' lang='lat' dir='ltr'>confidit</span> <span class='ocrx_word' id='word_1_318' title='bbox 967 2231 1008 2265; x_wconf 89' lang='lat' dir='ltr'>et</span> <span class='ocrx_word' id='word_1_319' title='bbox 1026 2230 1070 2264; x_wconf 88' lang='lat' dir='ltr'>ut</span> <span class='ocrx_word' id='word_1_320' title='bbox 1087 2222 1256 2276; x_wconf 76' lang='lat' dir='ltr'>quisque</span> <span class='ocrx_word' id='word_1_321' title='bbox 1282 2220 1455 2263; x_wconf 77' lang='lat' dir='ltr'>maxime</span> 
     </span>
    </p>
   </div>
   <div class='ocr_carea' id='block_1_3' title="bbox 0 2004 71 2404">
    <p class='ocr_par' dir='ltr' id='par_1_6' title="bbox 0 2004 71 2404">
     <span class='ocr_line' id='line_1_35' title="bbox 0 2004 71 2404; baseline 0 -289"><span class='ocrx_word' id='word_1_322' title='bbox 0 2004 71 2404; x_wconf 95' lang='lat' dir='ltr'>  </span> 
     </span>
    </p>
   </div>
  </div>
 </body>
</html>
