1552 2398
113 58 166 96 ⁶0
631 55 903 96 LAELIUS.
1173 52 1358 110 [xxvix
1379 66 1454 96 ιο,

119 140 250 182 omnis
261 148 321 182 est
333 154 355 182 e
367 140 446 183 vita
453 142 607 182 sublata
620 141 851 182 iucunditas.
883 139 985 180 Mihi
997 138 1159 192 quidem
1173 139 1317 193 Scipio,
1324 152 1459 193 quam-

117 219 235 257 quam
248 215 307 246 est
318 206 450 246 subito
464 214 631 257 ereptus,
641 205 734 245 vivit
749 214 881 245 tamen
896 218 1126 256 semperque
1138 204 1261 247 vivet:
1276 205 1459 247 virtutem

121 268 227 309 enim
246 269 374 308 amavi
395 268 496 308 illius
515 269 595 318 viri,
617 282 719 320 quae
738 270 931 309 exstincta
954 283 1035 310 non
1053 279 1123 311 est.
1165 271 1255 312 Nec
1270 270 1368 311 mihi
1384 270 1459 312 soli

118 342 294 373 versatur
312 342 404 373 ante
424 334 573 382 oculos,
595 334 662 385 qui
683 334 788 373 illam
808 347 963 386 semper
981 334 1020 373 in
1041 333 1372 385 manibushsbui,
1387 335 1461 376 sed

121 397 239 437 etiam
260 397 426 449 posteris
444 398 516 438 erit
541 399 646 438 clara
670 407 710 439 et
733 398 905 450 insignis.
963 400 1096 440 Nemo
1118 412 1306 452 umqusm
1328 398 1462 440 animo
1497 418 1515 446 ι

125 470 193 502 aut
213 474 282 513 spe
302 462 452 502 maiora
471 464 655 515 suscipiet
675 463 742 515 qui
765 465 840 504 sibi
860 476 941 503 non
963 463 1064 503 illius
1089 463 1319 505 memoriam
1341 471 1463 516 atque

34 526 111 566 10³
126 526 336 577 imaginem
356 529 656 577 proponendam
677 535 798 579 putet.
847 528 1046 579 Equidem
1065 541 1114 568 ex
1131 528 1315 569 omnibus
1332 529 1462 580 rebus,

124 603 220 642 quas
242 591 335 630 mihi
356 600 423 630 aut
441 593 594 631 fortuna
612 600 678 631 aut
691 601 830 631 natura
841 592 983 642 tribuit,
998 592 1095 632 nihil
1110 593 1240 634 habeo
1252 593 1361 644 quod
1373 605 1465 633 mm

124 655 297 695 amicitia
325 656 521 707 Scipionis
548 656 697 708 possim
725 670 966 708 comparare.
1029 659 1078 697 In
1115 658 1191 698 hac
1217 657 1315 699 mihi
1343 658 1396 699 de
1421 671 1466 699 re

125 721 286 772 publica
322 734 549 770 consensus,
581 721 620 761 in
657 722 732 761 hac
760 735 888 762 rerum
917 722 1153 774 privatarum
1180 722 1403 773 consilium,
1425 722 1465 764 in
1487 744 1520 763 ιο

128 786 270 824 eadem
290 786 443 836 requies
463 787 579 837 plena
597 786 872 827 oblectationis
891 787 973 827 fuit.
1032 789 1261 839 Numquam
1286 787 1398 828 illum
1414 800 1468 829 ne

126 849 290 888 minima
319 850 481 901 quidem
518 863 559 891 re
595 851 757 899 offendi,
794 851 904 902 quod
941 851 1103 902 quidem
1139 851 1337 901 senserim,
1369 852 1469 893 nihil

128 913 261 953 audivi
280 926 330 953 ex
349 927 397 954 eo
418 914 501 966 ipse
519 915 630 965 quod
650 916 795 955 nollem
806 930 817 963 ;
843 928 923 955 una
941 916 1086 956 domus
1103 923 1197 965 erat,
1217 915 1323 957 idem
1340 915 1469 958 vienn

128 975 238 1028 isque
265 978 498 1025 communis,
527 990 655 1029 neque
682 979 810 1019 solum
839 979 988 1026 militia,
1008 980 1080 1020 sed
1106 979 1225 1020 etiam
1250 979 1471 1032 peregrim-

34 1040 112 1080 104
131 1040 259 1081 tiones
277 1041 628 1093 rusticationesque
646 1055 888 1083 communes.
933 1044 1037 1083 Nam
1057 1043 1153 1094 quid
1171 1055 1247 1095 ego
1262 1044 1317 1086 de
1332 1043 1472 1086 studiis
1490 1065 1523 1092 ις

129 1104 259 1145 dicam
278 1106 545 1157 cognoscendi
564 1119 720 1158 semper
737 1106 886 1158 aliquid
909 1115 1030 1159 atque
1047 1107 1240 1157 discendi.
1258 1107 1300 1149 in
1326 1107 1472 1160 quibus

132 1169 272 1210 remoti
291 1170 343 1210 ab
362 1170 488 1210 oculis
506 1170 643 1222 populi
671 1184 790 1211 omne
816 1171 990 1212 otiosum
1018 1179 1176 1224 tempus
1194 1173 1472 1216 contrivimus?

129 1233 307 1283 Quarum
327 1246 456 1274 rerum
476 1233 697 1274 recordatio
716 1242 755 1274 et
774 1234 965 1275 memoria
991 1234 1025 1275 si
1051 1248 1131 1276 una
1156 1249 1249 1278 cum
1274 1235 1345 1278 ino
1369 1235 1473 1279 ood-

133 1296 268 1345 disset,
288 1296 527 1337 desiderium
547 1296 856 1337 coniunctissimi
875 1306 995 1349 atque
1012 1297 1269 1341 amantissimi
1283 1299 1357 1340 viri
1373 1299 1472 1342 fuse

134 1360 246 1399 nullo
265 1360 388 1400 modo
407 1372 575 1411 possem.
633 1360 711 1400 Sed
733 1372 809 1400 nec
828 1359 895 1399 illa
918 1360 1112 1401 exstincta
1130 1369 1223 1402 sunt
1238 1362 1474 1415 alunturque
1490 1383 1526 1404 ιο

132 1420 266 1472 potius
292 1429 333 1461 et
359 1430 553 1473 augentur
579 1421 820 1473 cogitatione
846 1430 886 1463 et
914 1422 1103 1463 memoria
1127 1435 1228 1473 men,
1255 1431 1309 1474 et,
1335 1425 1372 1467 si
1394 1424 1473 1468 mis

132 1485 251 1536 plane
269 1485 431 1525 orbatus
458 1498 597 1532 essem,
618 1498 804 1537 magnum
833 1493 965 1527 tamen
992 1487 1103 1527 affert
1129 1486 1226 1528 mihi
1250 1495 1361 1529 neus
1385 1487 1475 1542 ipss.

135 1549 351 1591 solacium:
379 1550 527 1591 diutius
552 1550 658 1591 enirn
682 1551 761 1591 iam
786 1551 827 1592 in
855 1552 931 1592 hoc
956 1552 1154 1594 desiderio
1174 1565 1264 1596 ωε
1283 1564 1368 1595 non
1384 1566 1477 1607 pos-

135 1627 243 1663 sum3
270 1613 405 1655 omnia
430 1623 564 1656 autem
593 1614 726 1656 brevia
753 1615 970 1657 tolerabilia
997 1628 1087 1658 esse
1113 1616 1274 1669 debent,
1292 1617 1413 1660 etism
1436 1617 1475 1660 si

133 1690 276 1730 magna
294 1687 395 1719 sunt.
1490 1701 1527 1731 a

219 1743 336 1783 Haec
354 1741 474 1783 habui
491 1743 544 1784 de
562 1742 736 1784 amicitia
753 1755 857 1795 quse
874 1742 1068 1795 dicererm
1092 1757 1165 1786 vos
1187 1752 1323 1787 sutem
1337 1745 1475 1787 hortu

135 1813 180 1846 ut
199 1805 253 1846 ita
270 1806 454 1847 virtutem
477 1807 626 1856 locetis,
646 1806 733 1848 sine
749 1820 830 1859 qua
853 1807 1028 1850 amicitia
1052 1821 1138 1850 esse
1165 1821 1247 1852 uon
1268 1815 1476 1864 mut

134 1882 184 1911 ea
202 1878 365 1924 excepta
383 1869 479 1911 nihil
497 1870 669 1912 amicitia
684 1870 958 1924 praestabilius
975 1872 1133 1926 putetis.

1486 2354 1499 2359 ,
1497 2323 1500 2324 ¹
1490 2295 1491 2298 „
