1552 2398
130 61 183 112 58
656 59 924 102 LAELJUS
1240 56 1398 116 [xxm
1416 69 1468 114 9⁷

129 145 246 193 valet,
279 143 311 185 si
348 146 470 186 modo
500 145 541 187 id
574 139 813 198 patefactum
850 154 892 187 et
928 146 1162 187 illustratum
1192 154 1264 195 est,
1296 145 1395 199 quid
1425 145 1468 187 in

128 209 300 248 amicitia
320 210 401 249 fieri
422 219 589 261 oportet,
604 222 707 262 quae
726 218 809 250 tota
829 211 991 251 veritate
1012 210 1294 263 perpenditur?
1321 211 1371 252 In
1387 222 1471 263 qua

129 274 215 323 nisi,
246 283 290 314 ut
317 275 468 324 dicitur,
501 285 680 327 apertum
711 286 849 328 pectus
877 276 1012 317 videas
1045 286 1237 330 tuumque
1266 278 1466 327 ostendas,

129 339 226 378 nihil
248 340 383 388 fidum,
405 340 501 379 nihil
525 341 772 392 exploratum
798 342 956 391 habeas,
980 354 1030 382 ne
1055 355 1188 383 amare
1212 342 1376 396 quidem
1399 351 1469 384 aut

130 404 263 453 amari,
283 418 372 443 cum
389 405 427 444 id
449 418 567 456 quam
587 419 676 445 vere
696 406 763 445 flat
783 405 947 457 ignores.
979 408 1230 459 Quamquam
1248 406 1324 448 ista
1339 420 1471 450 asuen-
1506 428 1524 455 ς

132 468 242 516 tatio,
271 470 451 520 quamvis
479 470 700 522 perniciosa
728 472 788 522 sit,
821 486 965 513 nocere
993 483 1126 513 tamen
1163 473 1311 514 nemini
1340 483 1471 527 potest

131 533 205 573 nisi
234 534 280 583 ei,
311 534 379 585 qui
407 548 495 574 eam
523 536 662 588 recipit
689 545 807 589 atque
835 551 884 578 ea
911 539 1139 579 delectatur.
1196 539 1261 580 Ita
1286 539 1332 581 fit
1362 546 1407 580 ut
1437 538 1472 580 is

131 600 440 640 assentatoribus
470 602 678 652 patefaciat
708 602 811 642 auris
843 617 934 643 suas
963 604 1144 653 maxime,
1175 602 1245 656 qui
1281 603 1367 657 ipae
1395 603 1471 645 sibi

62 663 114 703 98
133 674 353 704 assentetur
371 675 409 706 et
430 679 473 706 se
500 667 670 707 maxime
693 667 775 719 ipse
800 669 982 709 delectet.
1039 669 1218 711 Omnino
1242 677 1305 711 est
1330 682 1471 711 amans

133 730 192 769 sui
213 730 332 770 virtus
341 745 351 780 ;
379 732 529 783 optime
548 734 654 773 enim
673 747 716 774 se
742 733 824 786 ipsa
853 734 963 775 novit
989 748 1190 787 quamque
1213 736 1395 778 amabilis
1422 736 1474 779 sit
1494 757 1528 778 ιο

132 794 342 846 intellegit:
371 809 446 848 ego
463 805 596 837 autem
617 811 698 838 non
713 799 764 839 de
783 799 925 841 virtute
943 813 1051 840 nunc
1070 802 1222 853 loquor,
1237 802 1309 843 sed
1326 802 1380 843 de
1396 801 1471 843 vir-

134 860 227 898 tutis
259 859 457 911 opinione.
516 861 671 902 Virtute
699 863 805 903 enim
835 863 919 916 ipsa
947 878 1029 904 non
1058 873 1137 905 tam
1165 864 1278 906 multi
1305 865 1471 919 praediti

133 936 221 963 esse
240 937 359 975 quam
379 925 500 965 videri
520 927 669 967 volunt.
730 929 820 968 Hos
839 930 1009 969 delectat
1033 931 1259 982 assentatio,
1279 930 1340 972 his
1357 931 1474 973 fietus

134 989 186 1028 ad
216 988 390 1041 ipsorum
421 992 664 1032 voluntatem
697 1006 827 1034 sermo
862 1007 956 1034 cum
995 995 1219 1045 adhibetur,
1250 995 1472 1038 emtionem

134 1052 240 1092 illam
260 1066 401 1094 vanam
421 1055 689 1096 testimonium
710 1070 798 1097 esse
817 1059 978 1098 laudum
998 1072 1155 1099 suarum
1174 1068 1325 1112 putant.
1354 1060 1477 1102 Nulla
1494 1081 1527 1109 ι,

135 1125 194 1156 est
223 1116 339 1169 igitur
365 1118 464 1159 haec
491 1120 676 1170 amicitia,
705 1135 796 1161 cum
816 1123 923 1172 ‚alter
948 1136 1082 1164 verum
1109 1124 1248 1167 audire
1273 1137 1356 1167 non
1377 1125 1473 1177 volt,

135 1182 234 1221 alter
268 1183 321 1223 ad
357 1184 632 1225 mentiendum
670 1196 828 1238 paratus
864 1196 934 1228 est.
1012 1190 1100 1229 Nec
1136 1190 1397 1242 parasitorum
1432 1191 1475 1232 in

135 1247 356 1288 comoediis
373 1249 588 1290 assentatio
599 1250 726 1292 faceta
740 1252 856 1293 nobis
874 1253 1081 1304 videretur,
1103 1254 1179 1295 nisi
1190 1264 1322 1300 essent
1332 1254 1477 1299 milite·

135 1310 307 1362 gloriosi.

377 1405 550 1457 Magnas
567 1419 654 1447 vero
669 1421 777 1459 agere
784 1410 939 1460 gratias
959 1410 1081 1450 Thais
1098 1410 1221 1452 maie
1496 1432 1532 1454 ιι

137 1501 239 1542 Satis
263 1510 347 1544 erat
372 1505 614 1556 respondere
643 1507 848 1559 ‘magnas'
906 1508 1097 1561 Ingentis,
1118 1508 1256 1562 inquit.
1312 1510 1479 1565 Semper

137 1575 255 1619 auget
285 1577 506 1609 assentator
534 1569 586 1620 id,
616 1572 728 1622 quod
760 1571 803 1621 is,
827 1571 940 1613 cuius
967 1572 1020 1613 ad
1044 1573 1288 1614 voluntatem
1318 1572 1477 1627 dieitur,

67 1632 119 1672 09
138 1634 220 1674 volt
238 1646 326 1675 esse
351 1647 551 1687 magnum.
610 1637 743 1687 Quam
768 1638 824 1678 ob
847 1650 943 1687 rem,
962 1650 1207 1691 quamquam
1229 1639 1380 1681 blanda
1401 1638 1480 1687 ieta
1544 1643 1552 1666 ³

137 1698 292 1738 vanitas
314 1699 422 1751 apud
450 1712 520 1740 eos
541 1701 657 1751 valet,
687 1701 756 1753 qui
778 1700 854 1754 ipsi
878 1701 986 1743 illam
1007 1702 1208 1745 adlectant
1228 1712 1270 1746 et
1298 1702 1482 1755 invium,⁴

139 1770 273 1803 tamen
299 1763 418 1804 etiam
442 1764 641 1816 graviores
662 1766 1031 1819 constantioresque
1048 1766 1296 1810 admonendi
1308 1773 1419 1819 annu
1434 1774 1482 1810 ut
1495 1786 1532 1816 te

138 1826 455 1868 animadvertant
484 1841 535 1869 ne
571 1828 716 1870 callida
751 1830 1022 1874 assentatione
1057 1830 1275 1884 capiantur.
1309 1831 1481 1886 ·Apene'

140 1890 247 1930 enim
265 1890 493 1932 adulantem
519 1904 639 1933 nemo
657 1905 738 1934 non
758 1894 877 1943 videt,
897 1893 973 1936 nini
1001 1895 1070 1948 qui
1092 1895 1313 1938 admodum
1332 1901 1489 1941 effut-

139 1966 253 1995 oors:
279 1955 448 1997 callidus
467 1956 532 1998 ille
551 1964 591 1998 et
608 1958 787 1999 occultus
812 1971 863 2000 ne
880 1971 925 2000 ee
943 1959 1129 2010 insinuet,
1145 1958 1327 2003 :tnd'me
1405 1963 1406 1966 ’

140 2020 237 2060 dum
263 2028 334 2061 est.
391 2021 481 2062 Nee
505 2021 611 2063 enim
636 2022 821 2065 facillime
842 2025 1078 2076 agnoscitur,
1098 2025 1269 2079 quippe
1339 2022 1347 2071 J
1363 2023 1498 2083 “w

140 2083 388 2124 adversando
400 2097 519 2137 saepe
536 2093 758 2127 assentetur
770 2094 811 2128 et
829 2086 980 2140 litigare
998 2100 1042 2129 ae
1056 2078 1540 2158 &multumt

141 2155 263 2200 atque
290 2148 343 2188 md
372 2157 591 2190 extremum
621 2150 692 2192 det
718 2163 860 2192 manus
882 2151 1066 2206 vincique
1092 2165 1136 2195 se
1155 2141 1481 2207 mg&

142 2211 213 2265 qui
240 2211 378 2255 illusus
405 2213 467 2265 sit,
497 2215 587 2268 plus
618 2214 763 2258 vidisse
791 2215 979 2258 videatur.
1037 2216 1148 2269 Quid
1173 2212 1484 2277 am*

1135 2325 1147 2334 Ο
1246 2327 1256 2338 ,⁷
1290 2341 1293 2343 >
1382 2339 1383 2342 Ἰ
1398 2337 1404 2340 .
1451 2334 1454 2335 r
1471 2338 1475 2342 Β
1495 2322 1507 2331 ⁷*

1355 2350 1367 2357 :n
1378 2346 1383 2350 ⁴
1431 2347 1514 2361 ωςμὶἷ»

1266 2391 1270 2394 ·
1287 2384 1301 2398 ’ἲ
1314 2381 1341 2398 a'v'
1435 2382 1461 2398 4
1515 2392 1523 2398 -
1543 2385 1547 2388 ”
