1514 2404
110 54 160 92 28
337 39 340 41 ’
637 56 903 99 LAELJUS
1360 57 1400 116 [1
1420 74 1445 113 ³

107 137 322 178 sententias
349 138 564 179 memoriae
592 140 788 190 mandavi,
808 154 907 193 quas
935 141 1012 182 hoc
1034 141 1136 183 libro
1161 142 1327 196 exponi
1348 146 1448 187 arbi-

107 210 208 242 tratu
229 215 344 243 meo:
373 203 485 257 quasi
510 203 615 244 enim
645 204 752 256 ipsos
781 205 916 245 induxi
942 206 1154 258 loquentis,
1178 220 1231 249 ne
1250 207 1447 276 ‘inquam'

106 272 175 307 et‘
184 267 326 318 inquit'
346 269 501 320 saepius
521 268 836 321 interponeretur
853 279 974 323 atque
993 280 1036 311 ut
1063 280 1266 324 tamquam
1289 285 1316 314 a
1338 285 1448 327 prae-

61 331 87 371 4
107 333 284 373 sentibus
312 347 446 374 coram
473 335 608 374 haberi
635 349 765 376 sermo
789 335 997 378 videretur.
1055 338 1159 378 Cum
1189 337 1296 379 enim
1326 351 1447 392 nepe

107 412 264 439 mecum
286 413 432 450 ageres,
454 409 497 440 ut
520 402 574 445 de
602 401 775 442 amicitia
794 402 1004 443 scriberem
1024 402 1189 455 aliquid,
1208 403 1330 457 digna
1347 404 1445 446 mihi
1485 426 1502 452 5

105 476 168 503 res
186 477 275 503 cum
296 464 474 503 omnium
494 465 721 516 cognitione
740 475 823 506 turn
844 476 976 507 nostra
992 468 1251 510 familiaritate
1265 482 1350 511 νισι
1366 478 1446 519 ειη

106 527 239 579 itaque
258 527 332 567 feci
352 541 433 568 non
454 527 598 568 invitus
617 536 661 569 ut
680 530 910 581 prodessem
930 532 1063 572 multis
1080 541 1219 585 rogatu
1238 540 1337 597 tuo.
1338 543 1347 570 V
1363 534 1445 576 Sed

106 599 149 631 ut
182 593 222 630 in
255 593 410 632 Catone
435 592 596 642 maiore,
625 594 693 645 qui
722 603 780 634 est
809 595 976 647 scriptus
1003 597 1055 636 ad
1083 604 1124 637 te
1150 597 1203 637 de
1228 605 1445 647 senectute,

107 658 304 696 Catonem
337 657 473 696 induxi
504 671 640 697 senem
674 658 952 710 disputantem,
983 660 1077 712 quia
1104 662 1212 701 nulla
1240 661 1448 703 videbatur

105 722 233 771 aptior
251 734 420 772 persona
437 736 539 774 quae
559 724 610 763 de
635 723 701 763 illa
719 732 847 765 aetate
867 726 1102 777 loqueretur,
1122 738 1243 778 quam
1261 726 1357 778 eim,
1376 727 1445 780 qui
1467 749 1500 768 ιο

105 794 144 825 et
164 786 384 826 diutissime
402 800 522 827 senex
540 788 673 828 suisset
693 797 733 828 et
753 788 792 828 in
808 789 893 840 ipsa
911 798 1112 830 senectute
1123 798 1276 843 praeter
1291 799 1446 834 eeteros

104 850 319 895 floruisset:
350 850 416 898 sic,
438 864 530 890 cum
556 853 848 903 accepissemus
866 866 891 892 a
909 854 1083 905 patribus
1110 855 1279 896 maxime
1297 868 1446 898 memo·

104 914 268 953 rabilem
288 915 334 955 C.
357 915 466 954 Laeli
485 924 524 955 et
545 917 587 955 P.
610 917 806 968 Scipionis
831 918 1132 960 familiaritatem
1150 918 1280 970 fuine,
1299 919 1447 962 idom

104 980 201 1019 mihi
222 981 330 1020 Laeli
350 994 520 1032 persona
539 982 621 1022 visa
641 991 699 1022 est
719 996 821 1034 quae
840 984 891 1024 de
910 984 1084 1025 amicitia
1101 998 1150 1026 ea
1173 985 1262 1037 ipen
1283 985 1446 1027 dissere-

104 1053 174 1093 ret,
190 1058 293 1097 quae
307 1045 507 1097 disputata
521 1048 573 1087 ab
591 1060 642 1087 eo
661 1048 905 1089 meminisset
923 1050 1125 1091 Scaevola.
1157 1050 1296 1091 Genus
1307 1057 1478 1091 autem:
1466 1069 1498 1096 ιε

105 1109 183 1149 hoc
208 1122 435 1150 sermonum
460 1111 631 1162 positum
654 1111 695 1151 in
722 1113 927 1153 hominum
953 1122 1129 1155 veterum
1152 1113 1384 1175 aucton'nte
1402 1121 1445 1156 et

105 1187 243 1214 eorum
262 1174 469 1215 illustrium
488 1177 577 1227 plus
596 1178 732 1219 nescio
751 1191 833 1230 quo
851 1187 970 1231 pacto
988 1180 1143 1221 videtur
1159 1179 1305 1221 hahere
1320 1178 1445 1232 guvi-

103 1239 425 1291 tatis.1taque
458 1240 542 1292 ipse
580 1255 671 1283 mea
706 1243 842 1295 legens
881 1243 939 1284 sic
973 1245 1125 1285 afficior
1160 1243 1371 1295 interdum,
1396 1252 1444 1286 nt

60 1303 84 1343 5
105 1304 314 1353 Catonem,
334 1317 415 1344 non
436 1318 513 1355 me,
535 1306 644 1358 loqui
663 1307 894 1350 existimem.
951 1310 1032 1350 Sed
1050 1317 1094 1350 ut
1117 1317 1203 1351 tum
1228 1308 1282 1350 nd
1305 1321 1443 1351 senem

103 1381 226 1409 senex
254 1369 306 1409 de
338 1378 555 1420 senectute,
578 1371 637 1411 sic
665 1372 743 1412 hoc
773 1372 874 1412 libro
900 1373 953 1413 ad
981 1373 1155 1414 amicum
1182 1372 1444 1415 amicissimus
1462 1394 1499 1415 a·

102 1433 239 1486 scripsi
267 1434 318 1475 de
341 1434 525 1475 amicitia.
582 1437 688 1476 Tum
710 1444 770 1477 est
793 1438 897 1478 Cato
921 1438 1088 1488 locums,
1107 1450 1191 1491 quo
1212 1445 1298 1480 etat
1319 1450 1443 1481 nemo

101 1500 183 1540 sere
201 1499 333 1539 senior
350 1500 594 1551 temporibus
606 1500 701 1552 illis,
721 1514 841 1542 nemo
866 1502 1122 1554 prudentior:
1148 1515 1256 1545 nunc
1280 1503 1440 1546 Iaelim

101 1572 142 1604 et
171 1564 339 1615 sapiens,
369 1564 426 1604 sic
459 1565 565 1605 enim
598 1575 658 1607 est
681 1566 850 1614 habitus,
879 1575 920 1608 et
945 1567 1143 1609 amicitiae
1165 1566 1293 1621 ςΙοι-ἰι
1313 1568 1442 1610 aad·

100 1629 187 1670 lens
205 1628 256 1669 de
273 1628 447 1669 amicitia
465 1630 658 1682 loquetur.
699 1631 763 1671 Tu
781 1630 898 1671 velim
917 1642 943 1671 ι
959 1643 1024 1672 me
1041 1631 1218 1672 animum
1229 1642 1443 1684 parumper

100 1700 264 1741 avertas,
282 1692 458 1733 Laelium
473 1693 583 1746 loqui
598 1693 726 1746 ipsum
738 1702 865 1747 putes.
895 1694 942 1736 C.
957 1693 1132 1736 Fannius
1149 1701 1192 1736 et
1209 1694 1260 1748 Q.
1281 1692 1443 1739 undu
1456 1714 1495 1744 σε

100 1757 153 1797 ad
185 1770 366 1798 socerum
397 1758 559 1799 veniunt
590 1767 680 1811 post
709 1766 877 1799 mortem
904 1758 1103 1801 Africani:
1137 1759 1194 1801 ab
1219 1758 1283 1802 hin
1307 1770 1440 1804 οπο

101 1820 233 1870 oritur,
253 1821 467 1873 respondet
494 1821 664 1871 Laelius,
683 1821 797 1863 cuius
823 1830 909 1863 tota
933 1821 1151 1875 disputatio
1176 1829 1239 1864 ent
1262 1821 1318 1865 de
1340 1821 1439 1876 1βὶ-

99 1884 204 1933 citia,
224 1898 344 1937 quam
362 1886 499 1937 legens
516 1894 556 1927 te
574 1885 659 1939 ipse
677 1899 906 1939 cognoscet.

48 1950 74 1991 Β
182 1951 239 1990 11.
274 1951 478 1991 Fannius.
525 1951 627 1992 Sunt
645 1950 731 2001 ista,
752 1950 890 2001 Laeli,
916 1964 992 1993 nec
1010 1951 1117 1994 enim
1135 1948 1439 1999 metum&
1512 1992 1514 1994 .

100 2014 759 2067 Afrimnoquisquamnecclarior.
787 2014 1492 2066 Sedexistimnedebomhm»

100 2078 268 2120 oculos
258 2091 298 2119 in
318 2087 358 2120 te
375 2092 462 2121 esse
484 2079 690 2122 coniectos
707 2093 859 2131 unum3
883 2088 925 2123 te
941 2081 1162 2134 sapientem
1176 2079 1439 2136 um
1508 2108 1514 2129 :2

99 2151 141 2185 et
172 2143 406 2185 existimant.
461 2145 727 2187 Tribuebatur
754 2145 831 2186 hoc
862 2146 988 2187 modo
1015 2145 1076 2187 M.
1103 2142 1436 2197 Q*
1511 2158 1514 2159 ’

101 2208 145 2249 1.
179 2208 351 2250 Aditum
369 2209 477 2262 apud
499 2218 629 2263 patre·
650 2218 806 2252 nostro·
826 2210 1070 2263 appeliatum
1091 2220 1182 2254 aa
1198 2205 1437 2267 nul-nn.
1503 2222 1514 2263 ς
