1514 2404
0 0 31 124 [
111 58 207 109 vn
226 61 297 119 κ]
574 63 664 103 DE
697 62 995 103 AMICITIA.
1405 66 1453 108 35

119 157 164 192 et
196 150 392 192 nomadas
427 162 488 190 res
524 148 811 201 splendidiores
846 147 939 188 facit
976 145 1157 194 amicitia,
1191 152 1231 185 et
1260 145 1453 191 adversas,

119 214 293 268 partiens
335 214 724 265 communicansque,
768 214 941 253 leviores.
1008 213 1105 251 VII,
1144 212 1329 261 Cumque
1371 211 1454 260 plu·
1475 209 1514 248 2}

119 279 239 320 rimas
273 286 315 319 et
349 278 539 318 maximas
574 277 877 318 commoditates
913 276 1084 316 amicitia
1120 275 1332 322 contineat,
1370 282 1456 313 tum

119 343 190 384 illa
222 342 407 384 nimirum
440 351 609 395 praestat
641 343 839 391 omnibus,
871 342 982 393 quod
1018 342 1165 381 bonam
1202 353 1313 391 spem
1350 352 1458 390 prae·

83 427 103 456 ς
119 409 225 449 lucet
250 407 293 449 in
319 417 531 461 posterum,
551 421 625 448 nec
649 407 842 448 debilitari
865 407 1018 447 animos
1043 414 1110 446 aut
1134 406 1275 445 cadere
1299 403 1453 455 patitur.

118 467 269 514 vetum
313 474 420 515 enim
469 474 640 513 amicum
683 472 751 524 qui
794 472 975 518 intuetur,
1014 480 1216 521 tamquam
1259 469 1458 520 exemplar

118 537 313 591 aliquod
302 547 474 578 intuetur
490 538 561 579 sui.
619 538 815 588 Quocirca
833 545 872 577 et
894 538 1075 576 absentes
1103 536 1247 575 adsunt
1275 542 1314 574 et
1342 546 1456 583 egen·

118 606 181 640 tes
214 601 418 641 abundant
454 607 494 640 et
530 599 718 639 imbecilli
747 601 876 638 valent
909 607 959 644 et,
988 598 1098 650 quod
1126 596 1320 636 difficilius
1347 595 1455 635 dictu

0 580 27 851 ἓ
119 670 191 712 eut,
222 664 367 705 mortui
390 664 549 712 vivont3
586 673 716 704 tantus
746 677 813 703 eos
842 664 969 703 honos
981 662 1188 718 ,memoria
1219 659 1456 701 desiderium

0 928 38 1186 ἓ

14 759 15 762 ¹
67 730 365 783 »prosequitur
391 730 618 778 amicorum,
646 743 696 770 ex
722 743 804 782 quo
830 730 985 770 illorum
1013 730 1128 768 beata
1155 739 1260 767 mors
1290 725 1456 772 videtur,

119 793 261 836 borum
288 794 369 835 vita
399 794 616 835 laudabilis.
674 794 796 845 Quod
820 793 852 833 si
880 793 1068 832 exemeris
1093 805 1140 831 ex
1167 803 1295 830 rerum
1320 797 1458 829 natura

118 858 420 900 benevolentiae
437 858 771 906 coniunctionem,
792 870 866 897 nec
885 858 1030 897 domus
1048 857 1127 895 ulla
1151 868 1226 894 nec
1243 854 1337 893 urbs
1355 862 1456 893 stare

116 922 273 975 poterit.
291 935 344 963 ne
361 922 442 974 agri
459 922 621 974 quidem
639 923 768 962 cultus
785 921 1040 973 permanebit.
1080 921 1131 960 Id
1149 919 1182 959 si
1200 919 1330 958 minus
1348 917 1458 957 intel·

119 987 269 1041 legitur,
281 997 430 1040 quanta
445 988 504 1028 vis
521 988 716 1028 amicitiae
734 986 1049 1038 concordiaeque
1067 985 1128 1034 sit,
1141 998 1189 1024 ex
1207 981 1457 1024 dissensioni-

10 1070 13 1075 ·
67 1072 102 1100 ⁸3
118 1052 193 1094 buz
209 1060 331 1105 atque
348 1053 554 1093 discordiis
572 1052 718 1104 percipi
746 1060 885 1104 potest.
943 1052 1057 1102 Quae
1079 1050 1184 1090 enim
1210 1050 1353 1089 domus
1374 1055 1455 1087 tam

120 1117 281 1167 stabilis,
294 1130 397 1170 quae
415 1127 497 1158 tam
516 1119 628 1158 firma
644 1117 780 1157 civitas
798 1125 870 1164 est,
882 1129 984 1168 quae
1003 1129 1083 1156 non
1103 1114 1206 1155 odiis
1223 1122 1263 1153 et
1282 1111 1457 1153 discidiis

120 1181 300 1222 fitnditus
315 1180 439 1234 possit
458 1181 602 1221 everti?
639 1183 698 1221 Ex
715 1194 808 1233 quo,
820 1189 1012 1232 quantum
1030 1178 1126 1219 boni
1145 1178 1194 1217 sit
1213 1177 1253 1216 in
1272 1175 1454 1223 amicitia,

119 1242 283 1286 indicari
324 1253 465 1298 potest.
525 1245 821 1297 Agrigentinum
857 1244 1019 1296 quidem
1057 1244 1220 1283 doctum
1256 1241 1456 1292 quendam
1475 1239 1514 1279 24

117 1308 247 1351 virum
268 1309 508 1351 carminibus
532 1310 694 1350 Graecis
711 1309 965 1350 vaticinatum
988 1310 1127 1355 serunt,
1147 1320 1250 1359 quae
1268 1306 1310 1347 in
1327 1318 1455 1346 rerum

65 1394 103 1417 ιο
117 1383 257 1416 natura
280 1382 446 1428 totoque
473 1376 626 1415 mundo
657 1383 881 1415 constarent
909 1386 1091 1425 quaeque
1123 1379 1382 1419 moverentur,
1409 1383 1458 1411 ea

25 1441 42 1479 -ἶ.ῑ
118 1440 351 1480 contrahere
384 1439 609 1488 amicitiam,
646 1438 835 1490 dissipare
881 1437 1128 1478 discordiam.
1202 1437 1335 1487 Atque
1379 1436 1457 1475 hoc

30 1499 36 1518 '¹
114 1501 282 1556 quidem
301 1515 442 1544 omnes
459 1504 643 1543 mortales
660 1511 701 1544 et
718 1502 950 1554 intellegunt
968 1510 1007 1542 et
1025 1514 1066 1541 re
1083 1501 1262 1552 probant.
1302 1501 1455 1550 Itaque,

118 1565 155 1608 εἰ
184 1567 348 1622 qnando
378 1566 541 1619 aliquod
570 1566 746 1607 officium
774 1566 921 1607 exstitit
956 1565 1073 1606 amici
1109 1565 1151 1605 in
1180 1564 1361 1616 periculis
1389 1571 1456 1604 aut

29 1689 30 1692 Ἴ
120 1630 317 1673 nannai·
341 1639 411 1672 aut
436 1631 792 1682 communicandis,
812 1631 902 1683 'quis
933 1640 993 1672 est
1012 1630 1080 1683 qui
1104 1629 1147 1670 id
1174 1642 1255 1669 non
1277 1627 1456 1669 maximis

65 1714 103 1743 ος
117 1695 255 1738 ω
269 1696 451 1738 laudibus
462 1698 481 1737 ?
535 1696 615 1748 Qui
641 1698 833 1737 clamores
852 1705 935 1737 tota
952 1708 1074 1736 cavea
1090 1708 1216 1747 nuper
1232 1694 1274 1734 in
1291 1693 1456 1745 hospitis

36 1755 38 1758 ’
118 1766 162 1801 et
191 1758 311 1801 miei
335 1761 416 1802 mei
444 1762 502 1801 M.
532 1760 679 1801 Pacuvi
716 1774 820 1802 nova
845 1761 988 1809 sabula,
1016 1773 1108 1799 cum
1136 1759 1340 1811 ignorante
1365 1770 1458 1815 rege

116 1831 208 1866 uter
230 1824 392 1867 Oreste·
414 1833 529 1875 esset,
558 1826 728 1878 Pylades
753 1826 923 1867 Oresten
958 1838 1000 1865 se
1030 1836 1117 1865 esse
1141 1823 1301 1872 diceret,
1319 1830 1364 1863 ut
1384 1834 1456 1875 pro

35 1947 43 1955 μ
115 1888 189 1932 illo
205 1898 422 1940 necarem,
433 1891 595 1933 Orestes
611 1900 756 1940 autem,
773 1891 827 1931 ita
845 1899 888 1931 ut
905 1899 999 1938 erat,
1014 1890 1182 1931 Oresten
1206 1902 1251 1930 se
1270 1900 1357 1929 esse
1373 1900 1458 1940 per-

33 1957 66 2021 s
117 1957 337 1999 montet!
385 1956 543 1998 stantes
569 1956 811 2009 plaudebant
833 1956 873 1996 in
898 1968 940 1995 re
965 1956 1079 1995 ficta:
1106 1954 1204 2006 quid
1227 1953 1458 1995 arbitramur

35 2014 163 2068 ‘mh
182 2028 279 2061 ven
302 2017 475 2059 samum
499 2018 648 2060 finisse?
702 2018 834 2059 Facile
865 2017 1065 2058 indicabat
1094 2015 1179 2069 ipsa
1209 2024 1348 2057 natura
1375 2015 1456 2056 vim

43 2094 61 2143 f}
117 2090 247 2132 m.
266 2093 361 2123 σιω
381 2082 576 2156 homines,
601 2083 713 2135 quod
735 2084 864 2124 facere
891 2081 966 2135 ipsi
989 2094 1071 2122 non
1092 2088 1266 2134 possent,
1284 2081 1328 2122 id
1350 2088 1457 2122 recte

66 2243 78 2257 ,-
157 2216 162 2236 ²
168 2200 411 2258 ‘Bw
426 2210 526 2253 mihi
541 2210 680 2253 videor
697 2211 750 2253 de
766 2209 940 2253 amicitia
957 2210 1054 2263 quid
1077 2208 1263 2252 sentirem
1281 2209 1456 2262 potuine
