1552 2398
0 0 27 126 ξ
76 62 196 111 m
216 59 286 118 76]
552 64 643 103 DE
677 62 975 104 AMICITIA.
1377 77 1422 116 51

0 142 10 186 Ϊ·
90 162 216 203 opera
248 148 407 191 letandi
444 156 545 190 sunt.
601 150 776 189 Tantum
812 157 946 189 autem
984 148 1127 201 cuique
1163 148 1426 198 tribuendum,
1448 150 1499 190 '13

91 213 263 267 primum
281 222 474 266 quantum
500 214 585 265 ipse
602 214 756 253 efficere
775 213 915 264 possis,
936 213 1083 253 deinde
1102 213 1219 253 etiam
1239 223 1430 265 quantum

91 277 173 327 ille,
191 290 313 330 quem
332 278 474 329 diligas
493 287 612 329 atque
630 278 805 324 adiuves,
827 278 1028 318 sustinere⁴
1060 279 1155 317 Non
1175 278 1279 317 enim
1300 291 1431 329 neque

90 349 138 384 tu
153 342 294 396 possi-⁶»,
313 343 493 395 quamvis
511 344 691 389 excellas,
711 343 840 382 omnis
868 352 958 382 tuos
982 344 1035 383 ad
1054 344 1224 383 honores
1243 342 1432 394 amplissi-

57 429 74 456 ς
91 421 181 451 mos
216 410 445 462 perducere,
483 417 527 448 ut
563 409 696 460 Scipio
734 410 777 448 P.
818 409 1023 459 Rupilium
1060 409 1188 460 potuit
1225 409 1430 448 consulem

92 473 260 523 effioeoe,
289 475 446 514 tratrem
477 475 562 514 eius
595 473 760 513 Lucium
790 487 871 514 non
904 474 1042 524 potuit.
1101 474 1222 524 Quod
1252 472 1284 513 si
1312 473 1430 529 etiam

91 537 222 591 possis
238 538 394 590 quidvis
413 539 564 579 deferre
582 539 635 577 ad
654 538 830 585 alterum,
853 537 1070 577 videndum
1100 546 1159 577 est
1182 546 1315 577 tamen
1334 537 1430 588 quid

93 602 159 644 ine
176 602 301 656 poem‘t
319 602 522 643 sustinere.
554 602 731 643 Omnino
749 601 943 641 amicitiae
963 602 1225 641 corroboratis
1243 601 1320 641 iam
1339 614 1430 640 con·
1449 599 1501 639 74

91 666 334 719 firmatisque
356 676 396 707 et
419 666 585 718 ingeniis
611 675 650 706 et
674 666 869 706 aetatibus
898 666 1133 706 iudicandae
1159 675 1261 712 sunt,
1285 679 1370 714 nec,
1398 665 1431 705 si

42 751 75 772 ιο
91 731 163 785 qui
187 730 349 773 ineunte
376 741 506 772 aetate
532 731 703 772 venandi
729 739 797 771 aut
829 731 931 783 pilae
964 731 1130 771 studiosi
1161 733 1328 780 suerunt,
1361 743 1431 770 eos

0 789 2 793 ¹
92 797 241 838 habere
284 797 540 844 necessarios,
588 809 690 848 quos
737 804 821 835 tum
869 797 1012 836 eodem
1060 795 1192 836 studio
1233 795 1431 847 praeditos

93 860 323 902 dilexmnt.
383 862 467 901 Isto
503 859 611 901 enim
646 861 770 900 modo
807 860 977 900 nutrices
1014 868 1054 900 et
1091 859 1312 911 paedagogi
1348 859 1432 899 iure

93 926 300 967 vetustatis
317 926 529 978 plurimum
549 925 850 966 benevolentiae
878 926 1146 976 postulabunt.
1205 925 1284 975 Qui
1304 925 1434 975 negle-

93 989 215 1043 gendi
232 989 394 1043 quidem
413 1003 494 1030 non
515 996 618 1036 sunt,
646 989 717 1028 sed
735 988 815 1029 alio
834 989 1010 1039 quodam
1030 989 1153 1028 modo
1176 987 1431 1028 aestimandi:

0 1092 2 1101 1
43 1075 75 1102 ιε
93 1055 206 1097 aliter
231 1055 428 1097 amicitiae
464 1055 623 1095 stabiles
652 1067 879 1106 permanere
908 1066 990 1093 non
1018 1060 1194 1105 possunt.
1253 1051 1431 1102 Disparis

95 1122 203 1162 enim
220 1133 352 1161 mores
373 1119 546 1171 disparia
573 1118 704 1158 studia
732 1126 929 1166 secuntur,
956 1130 1124 1169 quorum
1150 1116 1431 1157 dissimilitudo

95 1183 284 1226 dissociat
295 1183 500 1230 amicitias,
514 1196 589 1223 nec
607 1183 661 1223 ob
675 1182 791 1222 aliam
811 1194 970 1221 causam
989 1182 1108 1221 ullam
1120 1179 1216 1220 boni
1229 1179 1430 1231 improbis,

97 1247 268 1302 improbi
295 1248 412 1289 bonis
438 1247 555 1288 amici
582 1260 670 1287 esse
695 1259 777 1285 non
803 1254 980 1297 possunt,
1002 1245 1076 1284 nisi
1095 1245 1206 1296 quod
1234 1251 1344 1284 tanta
1371 1251 1433 1284 est

0 1343 6 1367 ς
94 1313 198 1355 inter
224 1325 307 1363 eos,
325 1319 475 1364 quanta
498 1310 669 1351 maxima
694 1318 943 1362 potestesse,
965 1322 1119 1349 morum
1132 1308 1431 1359 studiorumque

31 1377 291 1426 ‚dicuntia-
344 1378 474 1418 Recte
501 1376 619 1416 etiam
648 1374 821 1427 praecipi
849 1382 981 1427 potest
1008 1374 1048 1414 in
1077 1373 1269 1422 amicitiis,
1298 1386 1350 1413 ne
1378 1373 1431 1412 in·
1450 1372 1502 1412 ⁷5

0 1437 5 1486 '2
97 1450 314 1496 temperata
330 1442 525 1494 quaedam
544 1439 831 1487 benevolentia,
847 1439 958 1491 quod
973 1451 1160 1491 persaepe
1171 1439 1227 1486 fit,
1242 1437 1432 1489 impediat

0 1514 18 1553 Γ
96 1518 260 1560 ποιμα
275 1505 463 1547 utilitates
475 1504 702 1544 amicorum.
733 1504 822 1543 Nec
839 1502 957 1551 enim,
973 1511 1016 1543 ut
1034 1502 1085 1542 ad
1099 1503 1249 1542 fabulas
1261 1502 1431 1548 redeam,

0 1570 14 1626 ’,χ
97 1570 261 1613 ‘l'miam
278 1569 568 1621 Neoptolemus
587 1580 728 1619 capere
749 1566 955 1619 potuisset,
976 1567 1008 1606 si
1039 1566 1305 1618 Lycomeden,
1325 1566 1432 1616 apud

0 1628 10 1682 2⁸
98 1646 220 1688 quem
241 1641 327 1677 ent
346 1634 550 1682 educatus,
570 1633 704 1673 multis
726 1645 818 1672 cum
841 1632 1012 1672 lacrimis
1039 1631 1113 1672 iter
1136 1644 1251 1671 suum
1270 1629 1434 1681 impedi-

0 1696 16 1751 ξ’
45 1720 79 1748 os
96 1704 232 1743 entem
250 1698 388 1741 audire
410 1698 606 1739 voluisset.
667 1698 719 1738 Et
745 1710 863 1748 saepe
889 1696 1070 1736 incidunt
1097 1708 1263 1747 magnae
1290 1707 1363 1742 res,
1391 1700 1435 1734 ut

12 1770 19 1807 s
98 1763 388 1807 discedendum
413 1762 464 1804 sit
490 1763 543 1804 ab
569 1762 724 1803 amicis:
752 1775 850 1813 quas
877 1762 946 1813 qui
982 1760 1173 1813 impedire
1201 1761 1294 1808 volt,
1324 1759 1435 1811 quod

14 1822 27 1863 s?
98 1827 339 1872 desiderium
355 1840 438 1869 non
455 1827 568 1869 facile
585 1828 694 1876 serat,
707 1827 740 1867 is
758 1834 799 1867 et
818 1826 992 1867 infirmus
1004 1834 1064 1867 est
1076 1825 1282 1877 mollisque
1297 1833 1435 1865 natura

26 1942 30 1946 ,
100 1902 143 1937 et
158 1893 215 1935 ob
231 1905 321 1935 eam
338 1891 463 1945 ipsam
482 1904 641 1932 oausam
660 1892 701 1931 in
718 1890 892 1931 amicitia
909 1903 1045 1942 parum
1065 1889 1199 1930 iustus.
1242 1891 1375 1941 Atque
1394 1888 1432 1928 in
1452 1889 1503 1929 '10

27 2013 31 2019 ,Α
99 1958 212 2004 omni
224 1967 268 2000 re
284 1957 619 1999 considerandum
633 1964 705 2005 est,
717 1964 759 1997 et
777 1955 872 2008 quid
886 1956 1062 2007 postules
1077 1954 1128 1995 ab
1140 1953 1271 1995 amico
1286 1961 1327 1994 et
1337 1953 1435 2006 quid

30 2038 44 2059 ,·
98 2022 247 2079 pat’nre
264 2035 290 2063 a
303 2029 344 2063 te
361 2020 570 2073 impetrari.

99 2149 232 2194 tendis
264 2161 350 2191 non
384 2160 602 2200 numquam
630 2147 870 2189 necessaria:
908 2147 987 2187 iam
1016 2147 1123 2187 enim
1152 2159 1179 2187 a
1213 2146 1436 2199 sapientum

40 2224 46 2274 j
67 2247 75 2274 3
90 2212 426 2267 minantibu-
449 2213 503 2255 ad
528 2212 697 2265 volgaria
717 2210 910 2252 amicitias
933 2210 1060 2252 oratio
1078 2219 1212 2252 nostra
1229 2210 1434 2252 delabitur.

1242 2287 1346 2324 ⁴-2

180 2086 296 2128 xxt.
353 2085 426 2126 Eut
446 2083 567 2124 etiam
590 2083 789 2136 quaedam
813 2081 1015 2123 calamitas
1037 2081 1078 2123 in
1105 2081 1287 2123 amicitiis
1307 2080 1438 2123 dimit·
1491 2081 1495 2085 ’
