1552 2398
97 50 268 94 nvn
290 47 383 106 τοι]
556 51 646 90 DE
679 50 973 92 AMICITIA.
1387 64 1439 104 59

98 149 219 192 quam
236 136 379 178 illudi?
440 138 561 189 Quod
579 145 624 177 ut
642 150 692 178 ne
710 136 865 178 accidat
883 137 1006 190 magis
1023 137 1242 177 cavendum
1261 144 1339 178 est:

325 231 378 271 Ut
395 243 454 269 me
466 230 575 270 hodt‘e
587 234 677 269 ante
690 230 813 269 omne}
829 230 979 269 comicos
991 230 1122 269 stultos
1139 242 1239 268 senes

324 296 495 335 Venaris
511 301 623 347 alque
637 297 821 335 illusseris
837 296 1046 334 lantelrsime
1056 296 1075 334 Ι

100 394 219 435 naec
235 391 342 434 enim
366 391 486 433 etiam
505 391 545 431 in
570 391 710 432 sabulis
732 391 960 431 stultissima
981 403 1149 442 persona
1171 397 1229 430 est
1256 388 1435 441 improvi·
1456 390 1532 430 100

63 477 82 504 s
97 457 238 499 domm
276 465 316 497 et
351 457 598 497 credulorum
634 469 787 495 senum.
842 456 922 495 Sed
951 455 1086 494 nescio
1115 467 1196 506 quo
1232 463 1350 506 pacto
1386 455 1436 494 ab

98 520 280 562 amicitiis
307 522 568 573 perfectorum
597 519 812 568 hominurn,
844 519 886 558 id
918 526 977 559 est
1005 518 1333 570 sapientum—de
1362 519 1438 557 hac

98 584 194 627 dieo
220 585 426 636 sapientia,
454 597 556 636 quae
587 583 743 624 videtur
770 583 808 622 in
829 583 1031 622 hominem
1050 583 1192 622 cadere
1211 583 1434 633 posse—ad

98 649 197 690 levis
213 649 406 690 amicitias
423 648 584 688 defluxit
603 647 739 688 oratio.
797 648 928 698 Quam
947 648 1001 687 ob
1029 660 1110 686 rem
1138 647 1190 686 ad
1218 646 1285 685 illa
1311 646 1437 697 prima

98 713 307 755 redeamus
325 726 450 765 eaque
469 713 555 764 ipsa
572 713 856 751 concludamus
874 711 1098 762 aliquando.

46 798 83 818 xo
176 778 352 818 xxvn.
407 778 552 826 Virtus,
583 776 755 828 inquam,
784 777 829 817 C.
863 776 998 824 Fanni,
1029 784 1069 815 et
1097 783 1149 824 tu,
1172 776 1221 826 Q.
1253 774 1376 823 Muci,
1398 781 1438 815 et

99 843 283 885 conciliat
300 842 491 882 amicitias
509 851 549 882 et
566 849 782 882 conservat.
824 842 873 880 In
892 854 939 880 ea
958 848 1018 880 est
1036 840 1140 880 enim
1160 840 1435 885 convenientia

98 920 239 957 rerum,
260 908 301 947 in
320 920 368 947 m
386 906 588 955 stabilitas,
609 906 650 945 in
669 918 718 946 ea
736 905 975 945 constantia:
1003 918 1107 956 quae
1125 917 1217 943 cum
1237 917 1278 943 se
1298 905 1436 943 extulit

98 981 141 1013 et
157 971 331 1013 ostendit
349 983 463 1011 suum
482 971 616 1010 lumen
635 978 676 1010 et
700 970 806 1009 idem
833 969 983 1020 aspexit
1010 968 1250 1020 agnovitque
1277 967 1318 1007 in
1345 968 1435 1016 alio,

98 1037 152 1077 ad
170 1037 214 1077 id
230 1048 275 1077 se
292 1036 480 1076 admovet
490 1033 738 1084 vicissimque
749 1033 891 1084 accipit
910 1033 1018 1082 illud,
1035 1032 1172 1084 quod
1163 1045 1204 1071 m
1222 1033 1347 1072 altero
1365 1039 1436 1081 est,

47 1121 80 1147 ις
97 1113 149 1142 ex
165 1113 247 1153 quo
264 1098 483 1140 exardescit
501 1098 583 1138 sive
611 1110 724 1137 amor
745 1097 827 1136 sive
846 1096 1029 1136 amicitia.
1086 1097 1310 1146 Utrumque
1333 1094 1439 1134 enim

99 1163 251 1206 dictum
269 1171 330 1204 est
346 1163 400 1203 ab
417 1162 608 1210 amando;
635 1174 767 1202 amare
785 1168 918 1200 autem
937 1160 1034 1199 nihil
1049 1167 1109 1200 est
1127 1160 1231 1199 aliud
1253 1158 1327 1198 nisi
1347 1172 1441 1198 eum

100 1227 230 1281 ipsum
256 1227 418 1278 diligere
445 1238 566 1277 quem
593 1238 714 1274 ames,
745 1226 854 1264 nulla
881 1224 1108 1276 indigentia,
1137 1224 1245 1263 nulla
1273 1223 1440 1263 utilitate

99 1291 294 1346 quaesita:
321 1304 426 1343 quae
444 1299 576 1330 tamen
596 1290 682 1342 ipsa
699 1290 916 1330 ecflorescit
934 1301 984 1329 ex
1001 1288 1184 1337 amicitia,
1206 1288 1324 1328 etiam
1343 1287 1375 1327 si
1394 1295 1437 1327 tu

98 1370 189 1400 am
205 1357 337 1398 minus
353 1363 510 1397 secutus
529 1355 593 1395 sis,
652 1356 743 1395 Hac
766 1367 839 1394 nos
865 1354 1138 1394 adulescentes
1165 1352 1439 1393 benevolentia
1460 1352 1535 1392 101

46 1444 83 1464 a·
97 1434 215 1464 senes
239 1420 340 1471 illos,
358 1421 403 1461 L.
426 1421 606 1467 Paulum,
627 1420 685 1459 M.
702 1420 911 1468 Catonem,
926 1419 972 1460 C.
994 1419 1165 1467 Gallum,
1180 1419 1221 1457 P.
1239 1417 1437 1465 Nasicam,

97 1483 163 1528 Ti.
174 1482 400 1526 Gracchum
410 1481 605 1534 Scipionis
622 1481 744 1521 nostri
756 1493 937 1520 socerum
955 1479 1184 1519 dileximus:
1210 1479 1310 1518 haec
1320 1477 1441 1518 etiam

99 1546 228 1600 ungi!
254 1547 386 1588 elucet
414 1545 517 1586 inter
543 1544 729 1596 aequalis,
750 1552 795 1584 ut
827 1544 930 1584 inter
956 1556 1020 1583 me
1051 1550 1092 1583 et
1122 1542 1362 1594 Scipionem,
1394 1543 1437 1582 L.

100 1610 276 1662 Furium,
294 1610 340 1651 Ρ.
359 1609 578 1662 Rupilium,
597 1610 663 1660 Sp.
686 1607 944 1648 Mummium:
972 1605 1142 1646 vicissim
1166 1614 1299 1645 autem
1326 1616 1442 1644 senes

99 1673 144 1715 in
158 1671 470 1715 ffloeoentium
488 1672 649 1712 caritate
666 1670 964 1722 acquiescimus,
984 1677 1028 1710 ut
1046 1669 1086 1709 in
1104 1678 1243 1718 vestra,
1264 1676 1307 1708 ut
1325 1667 1366 1707 in
1386 1668 1436 1718 Q.

47 1757 83 1785 a,
104 1735 349 1788 'l'uberonin
372 1735 558 1789 equidem
576 1735 696 1777 etiam
714 1735 934 1775 admodum
953 1732 1216 1773 adulescentis
1236 1733 1277 1772 P.
1301 1730 1437 1780 Rutili,

99 1803 152 1844 A.
168 1799 333 1854 Vergini
346 1801 608 1842 familiaritate
626 1800 812 1840 delector.
853 1797 1132 1850 Quoniamque
1150 1797 1206 1836 ita
1223 1794 1322 1836 ratio
1335 1807 1443 1835 com·

0 1910 10 1917 ,,
100 1873 240 1921 pann
263 1872 327 1907 ent
348 1864 454 1906 vitae
478 1873 723 1916 murraeque
754 1870 923 1912 nostrae,
947 1869 992 1903 ut
1021 1862 1098 1902 alia
1132 1869 1242 1901 aetas
1278 1859 1435 1909 oriatur,

23 1964 26 1965 γ
99 1928 273 1973 maxine
289 1929 452 1983 quidem
465 1929 685 1982 optandum
705 1936 764 1969 est
782 1935 826 1968 ut
841 1939 933 1967 cum
952 1925 1184 1978 aequalibus
1202 1923 1338 1977 possis,
1353 1924 1439 1976 qui-

12 1986 19 1993 ’
99 1994 270 2039 mm
287 2000 495 2047 mquam
524 2005 549 2036 e
572 1993 794 2034 carceribus
825 1991 991 2031 emissus
1019 1990 1084 2039 sis,
1108 2002 1201 2030 cum
1229 1988 1356 2030 isdem
1388 1988 1439 2028 ad

46 2081 84 2109 ιι
97 2059 313 2110 elocant
325 2057 478 2108 dicitur,
485 2057 699 2111 pervenire.
727 2055 1000 2108 sedquoniam
1012 2055 1275 2095 reshumanae
1285 2051 1439 2104 fragiles
1458 2051 1536 2093 102

0 2156 3 2158 v
100 2122 463 2176 mque-unt,
470 2133 627 2174 semper
637 2120 760 2173 aliqui
770 2118 1005 2172 anquirendi
1017 2125 1108 2159 sunt
1118 2129 1222 2170 quos
1234 2116 1442 2168 diligamus

0 2191 22 2237 ’,ε
65 2226 68 2232 ,
101 2192 187 2239 αι
201 2187 345 2243 quibus
361 2186 584 2240 diligamur:
611 2185 774 2227 caritate
787 2184 893 2226 enim
911 2181 1264 2235 benevolentiaque
1288 2181 1443 2222 sublata
